1996 3144
94 212 97 219 '
170 199 231 252 DE
249 198 383 251 BELLO
403 197 688 261 GALLICO,LIB.
713 199 775 252 VII.
847 214 881 270 45

85 337 176 409 copiae
187 354 222 393 ex
234 338 367 392 Arvernis
381 338 551 409 equitesque,
565 339 612 409 qui
626 339 676 393 toti
691 340 790 393 Galliae
804 350 883 395 erant

82 420 221 490 imperati,
233 421 413 474 conveniunt.
452 420 559 488 Magno
577 421 678 474 horum
692 431 790 475 coacto
803 439 883 476 num-

82 521 139 572 ero,
152 520 238 573 quum
247 504 343 558 Caesar
354 503 383 556 in
398 503 544 572 Sequanos
555 520 604 571 per
613 513 752 558 extremos
763 503 882 573 Lingon-

81 605 130 641 um
149 587 220 640 fines
240 585 292 641 iter
311 585 421 648 faceret,
434 583 489 654 qud
509 582 620 639 facilius
640 586 796 640 subsidium
820 603 882 655 pro·
949 645 952 650 ,

82 669 183 724 vinciae
203 668 268 723 ferri
288 678 393 740 posset,
415 669 525 722 circiter
536 668 625 721 millia
637 684 772 737 passuum
785 670 883 724 decem

82 752 119 806 ab
132 751 268 805 Romanis
287 750 366 804 trinis
389 751 487 804 castris
511 752 721 819 Vercingetorix
740 752 876 819 consedit,

82 834 299 902 convocatisque
331 834 368 886 ad
398 833 548 886 concilium
587 834 726 902 praefectis
757 835 878 903 equitum

83 916 194 972 venisse
218 927 328 985 tempus
353 915 477 969 victoriae
502 915 694 970 demonstrat:
725 919 821 984 fugere
852 918 882 970 in

81 998 255 1068 provinciam
269 999 413 1052 Romanos
429 997 576 1065 Galliaque
596 998 737 1051 excedere.
778 999 811 1052 1d
828 999 882 1052 sibi

81 1081 118 1135 ad
138 1091 306 1150 praesentem
326 1079 511 1135 obtinendam
530 1080 687 1134 libertatem
707 1077 775 1134 satis
797 1097 880 1147 esse;

82 1165 119 1218 ad
142 1164 240 1235 reliqui
266 1163 399 1233 temporis
428 1179 529 1233 pacem
554 1171 639 1233 atque
668 1163 757 1216 otium
780 1163 878 1233 parum

80 1246 197 1315 profici:
217 1245 369 1316 majoribus
390 1247 466 1300 enim
486 1247 591 1300 coactis
612 1247 700 1316 copiis
722 1264 880 1302 reversuros

80 1345 172 1399 neque
196 1328 282 1382 finem
306 1327 430 1382 bellandi
454 1328 585 1381 facturos.
624 1327 744 1382 Proinde
768 1328 880 1396 agmine

80 1409 229 1479 impeditos
259 1409 428 1465 adoriantur.
466 1409 497 1464 Si
527 1410 635 1479 pedites
666 1410 723 1464 suis
747 1410 880 1465 auxilium

80 1492 171 1547 ferant
183 1501 267 1562 atque
280 1491 309 1545 in
323 1509 355 1546 eo
368 1501 520 1559 morentur,
533 1491 585 1545 iter
598 1493 689 1545 facere
707 1508 765 1545 non
777 1509 860 1561 posse
871 1516 877 1561 ;

80 1574 113 1642 si,
126 1575 155 1629 id
167 1577 243 1645 quod
255 1575 346 1643 magis
359 1576 482 1629 futurum
501 1575 632 1642 confidat,
645 1573 748 1626 relictis
762 1574 878 1644 impedi-

79 1657 190 1726 mentis,
203 1673 262 1712 suae
275 1657 358 1711 saluti
372 1656 527 1723 consulant,
541 1665 568 1709 et
589 1673 640 1709 usu
659 1671 751 1709 rerum
768 1672 878 1710 necess·

78 1738 200 1794 ariarum
211 1749 240 1794 et
251 1739 389 1808 dignitate
402 1738 553 1808 spoliatum
566 1737 606 1790 iri.
645 1739 722 1791 Nam
739 1737 774 1792 de
791 1739 877 1809 equit·

78 1823 141 1876 ibus
153 1822 284 1890 bostium,
293 1823 360 1891 quin
375 1837 457 1874 nemo
465 1837 560 1875 eorum
569 1820 698 1890 progredi
707 1823 792 1876 modo
800 1832 877 1876 extra

79 1919 180 1975 agmen
193 1905 303 1973 audeat,
319 1902 371 1972 [et]
384 1903 460 1973 ipsos
480 1904 592 1972 quidem
615 1921 672 1957 non
693 1904 795 1958 debere
807 1906 876 1958 dub·

78 1989 155 2043 itare.
197 1986 231 2040 Id
255 2003 310 2056 qno
335 1987 442 2055 majore
467 1986 572 2040 faciant
597 1985 701 2052 animo,
726 1987 822 2055 copias
846 2004 876 2041 se

78 2087 176 2125 omnes
196 2085 247 2139 pro
269 2069 367 2123 castris
389 2069 550 2123 habiturum
578 2080 605 2123 et
628 2069 724 2122 terrori
746 2069 873 2123 hostibus

78 2154 206 2208 futurum.
245 2151 429 2206 Conclamant
442 2151 549 2221 equites
570 2151 747 2204 sanctissimo
757 2150 873 2219 jurejur-

77 2237 152 2290 ando
165 2235 323 2290 confirmari
337 2244 472 2305 oportere,
486 2250 522 2286 ne
535 2243 610 2286 tecto
623 2233 778 2301 recipiatur,
791 2250 827 2287 ne
839 2234 876 2288 ad

76 2320 187 2386 liberos
200 2336 236 2373 ne
248 2319 286 2372 ad
298 2327 437 2388 parentes,
450 2316 487 2369 ad
505 2331 619 2368 uxorem
635 2315 742 2368 aditum
763 2315 874 2386 habeat,

76 2401 193 2471 quinon
206 2399 249 2454 bis
263 2417 312 2469 per
324 2416 427 2466 agmen
439 2397 564 2451 hostium
577 2395 786 2466 perequitasset.

112 2484 231 2537 LXVII.
253 2482 376 2535 Probata
396 2498 426 2534 re
445 2489 528 2549 atque
548 2481 677 2533 omnibus
693 2479 874 2549 jurejurando

75 2565 193 2633 adactis
202 2573 314 2633 postero
323 2564 367 2617 die
377 2562 406 2615 in
419 2572 474 2617 tres
483 2571 576 2631 partes
584 2561 732 2615 distributo
742 2562 875 2633 equitatu,

75 2649 139 2702 duae
161 2665 191 2702 se
212 2647 288 2700 acies
309 2646 345 2699 ab
358 2644 467 2699 duobus
489 2644 624 2698 lateribus
646 2645 807 2711 ostendunt,
819 2643 876 2700 und

74 2748 93 2785 a
120 2730 210 2800 primo
234 2727 346 2795 agmine
370 2727 424 2781 iter
453 2725 594 2796 impedire
625 2727 727 2794 eozp'n.
762 2727 838 2787 Qua
862 2737 903 2801 fe.
