1996 3144
164 237 223 293 DE
242 238 375 294 BELLO
396 237 582 305 GALLICO,
601 240 682 294 LIB.
708 239 770 295 VII.
853 258 870 310 9

74 379 216 450 equitatus
245 379 369 434 hostium
397 379 495 449 procul
519 379 596 434 visus
621 390 671 448 est,
696 381 744 450 qui
769 396 871 448 agmen

75 460 313 538 Vercingetorigis
344 472 542 517 antecesserat.
581 463 674 532 Quem
704 464 872 533 simulatque

76 543 212 613 oppidani
226 554 431 612 conspexerunt
452 555 537 614 atque
549 545 579 598 in
598 562 677 614 spem
696 545 789 598 auxilii
807 561 873 600 ven·

75 635 164 689 erunt,
174 628 296 681 clamore
307 628 418 681 sublato
425 644 503 681 anna
512 643 620 697 capere,
631 636 726 696 portas
736 628 872 695 claudere,

75 724 186 761 murum
198 709 338 778 complere
348 719 502 778 coeperunt.
528 710 712 764 Centuriones
723 713 762 762 in·
775 708 872 779 ppido,

75 806 161 858 quum
173 807 207 844 ex
219 790 425 858 significatione
439 792 583 846 Gallorum
595 794 660 844 novi
673 790 779 861 aliquid
792 792 828 845 ab
838 791 873 845 iis

75 871 138 925 iniri
151 873 260 927 consilii
272 874 482 939 intellexissent,
495 874 597 942 gladiis
619 873 759 928 destrictis
777 884 872 943 portas

75 965 281 1023 occupaverunt
293 972 416 1026 suosque
428 973 525 1010 omnes
536 956 691 1011 incolumes
701 965 872 1025 receperunt.

110 1037 195 1090 ΧΙΙΙ.
217 1038 315 1090 Caesar
336 1053 370 1092 ex
389 1038 490 1091 castris
510 1037 665 1106 equitatum
687 1038 768 1090 educi
784 1037 872 1106 jubet,

75 1117 207 1188 proelium
219 1129 346 1188 equestre
359 1118 510 1173 committit
523 1137 530 1184 ;
549 1119 742 1173 laborantibus
747 1120 807 1187 jam
816 1121 873 1173 suis

77 1202 233 1255 Germanos
247 1200 354 1270 equites
373 1201 483 1256 circiter
495 1200 695 1271 quadrigentos
716 1201 873 1269 summittit,

75 1300 146 1352 quos
166 1284 202 1336 ab
222 1283 301 1337 initio
321 1283 427 1338 habere
447 1300 542 1339 secum
563 1284 730 1338 instituerat.
767 1286 874 1339 Eorum

76 1364 211 1434 impetum
232 1367 306 1421 Galli
327 1368 464 1421 sustinere
488 1384 546 1420 non
569 1377 718 1435 potuerunt
738 1376 821 1435 atque
844 1367 873 1419 in

74 1446 171 1514 sugam
201 1448 329 1516 conjecti,
361 1448 455 1503 multis
486 1449 606 1517 arnissis,
638 1464 668 1502 se
705 1450 742 1502 ad
771 1464 874 1516 agmen

75 1539 246 1597 receperunt.
291 1529 400 1598 Quibus
430 1531 594 1599 profligatis,
622 1528 716 1584 rursis
741 1529 875 1600 oppidani

75 1611 212 1678 perterriti
225 1612 444 1679 comprehensos
464 1627 522 1677 eoS,
536 1627 654 1679 quorum
667 1619 751 1679 opera
763 1613 875 1680 plebem

75 1693 246 1746 concitatam
260 1693 468 1761 existimabant,
482 1694 519 1747 ad
534 1694 676 1747 Caesarem
687 1694 875 1761 perduxerunt

75 1789 191 1844 seseque
212 1774 238 1829 ei
266 1775 441 1830 dediderunt.
489 1776 598 1845 Quibus
626 1777 709 1830 rebus
731 1775 873 1843 confectis,

76 1855 172 1909 Caesar
184 1856 221 1909 ad
234 1857 370 1926 oppidum
383 1857 544 1926 Avaricum,
558 1858 634 1927 quod
647 1866 707 1913 erat
721 1858 874 1912 maximum

74 1938 347 2009 munitissimumque
360 1941 389 1993 in
411 1941 513 1995 finibus
534 1941 690 2008 Biturigum
712 1951 796 2010 atque
815 1942 874 2007 agri

74 2021 245 2077 fertilissima
256 2023 379 2089 regione,
392 2022 534 2090 profectus
547 2033 598 2091 est,
618 2021 702 2092 qubd,
714 2038 748 2075 eo
769 2023 873 2092 oppido

74 2112 195 2174 recepto,
225 2104 367 2159 civitatem
399 2105 557 2174 Biturigum
587 2121 618 2159 se
646 2105 675 2158 in
705 2112 873 2172 potestatem

74 2188 252 2242 redacturum
268 2187 437 2241 confidebat.

109 2269 425 2336 XIV.‘Vercingetorix‚
448 2278 490 2323 tot
518 2268 658 2322 continuis
686 2268 872 2322 incommodis

72 2350 289 2416 Vellaunoduni,
304 2350 422 2418 Genabi,
436 2350 599 2403 Novioduni
612 2348 743 2417 acceptis,
757 2366 822 2403 suos
835 2352 872 2405 ad

74 2433 224 2488 concilium
237 2442 381 2486 convocat.
420 2433 512 2486 Docet
531 2430 613 2500 longia
622 2431 678 2485 alia
691 2433 798 2485 ratione
810 2449 873 2487 esse

73 2515 178 2570 bellum
190 2516 353 2584 gerendum,
367 2524 451 2584 atque
470 2513 553 2569 anteit
570 2525 680 2583 gestum
693 2515 737 2568 sit.
775 2516 872 2569 Omni-

72 2597 126 2651 bus
148 2597 240 2650 modis
263 2596 328 2649 huic
350 2598 389 2650 rei
411 2598 588 2663 studendum,
602 2607 632 2651 ut
646 2597 827 2664 pabulatione
845 2607 872 2651 et

74 2689 231 2734 commeatu
254 2678 374 2732 Romani
397 2680 604 2747 prohibeantur.
645 2679 678 2731 ld
700 2696 766 2730 esse
780 2680 886 2737 (aelle,

75 2761 150 2824 subd
164 2762 290 2831 equitatu
304 2761 359 2834 ipsi
372 2761 524 2820 abundent
535 2772 567 2817 et
584 2759 667 2829 quob
683 2758 911 2812 annuende&
