1996 3144
172 206 236 260 DE
252 206 388 261 BELLO
408 205 593 277 GALLICO,
611 208 688 261 LIB.
714 208 775 262 VII.
840 222 871 279 15

78 345 176 399 dicunt
186 364 194 412 ;
213 346 288 400 same
306 355 335 400 et
355 345 451 416 inopia
471 347 609 401 adductos
631 349 705 402 clam
718 364 751 402 ex
770 348 871 402 castris

78 431 178 497 exisse,
192 433 216 486 si
229 433 297 502 quid
309 432 438 487 frumenti
449 440 497 487 aut
506 432 616 502 pecoris
624 434 653 488 in
665 433 740 502 agris
752 433 873 504 reperire

77 526 213 586 possent;
239 516 323 570 simili
349 532 462 570 omnem
483 514 635 570 exercitum
654 516 750 586 inopia
774 518 873 586 premi,

76 615 128 653 nec
144 599 205 669 jam
217 599 290 653 vires
304 597 429 652 sufficere
447 597 621 668 cujusquam,
632 615 684 652 nec
697 599 767 653 ferre
780 601 872 668 operis

77 682 212 750 laborem,
233 697 337 751 posse;
357 682 451 751 itaque
471 680 602 735 statuisse
624 680 829 749 imperatorem,
848 681 873 735 si

77 764 148 818 nihil
168 765 197 817 in
217 764 426 834 oppugnatione
447 763 543 833 oppidi
563 763 756 831 profecissent,
778 762 873 817 triduo

76 847 228 901 exercitum
241 846 389 901 deducere.
421 845 437 875 ‘⁶
446 846 543 914 Haec,”
556 845 654 914 inquit,
667 844 685 874 “
694 863 712 899 a
724 847 793 914 me‚”
805 846 874 899 Ver-

77 928 239 998 cingetorix,
263 927 426 982 “beneficia
446 927 565 995 habetis,
594 942 678 996 quem
705 927 872 996 proditionis

76 1010 244 1064 insimulatis
256 1031 264 1075 ;
284 1010 363 1079 cujus
376 1017 461 1078 opera
479 1009 540 1063 sine
552 1017 645 1061 vestro
658 1009 794 1076 sanguine
812 1016 872 1062 tan·

76 1103 136 1147 tum
146 1093 297 1146 exercitum
309 1092 445 1145 victorem
457 1090 532 1144 lame
545 1099 742 1159 consumptum
752 1089 853 1144 videtis
865 1110 873 1156 ;

77 1191 162 1245 quem
175 1174 292 1244 turpiter
299 1190 329 1228 se
342 1189 376 1227 ex
389 1173 454 1243 fuga
467 1173 648 1241 recipientem
660 1189 761 1242 nequa
774 1171 872 1228 civitas

77 1257 136 1310 suis
149 1256 252 1310 finibus
265 1255 390 1325 recipiat,
400 1271 419 1308 a
427 1270 473 1309 me
481 1254 624 1324 provisum
637 1255 703 1308 est.’'

111 1340 192 1392 XXI.
213 1339 380 1393 Conclamat
398 1338 490 1391 omnis
508 1335 660 1393 multitudo
682 1345 710 1391 et
730 1353 781 1392 suo
793 1354 871 1391 more

76 1421 163 1475 armis
184 1430 343 1490 concrepat,
365 1420 441 1489 quod
461 1419 555 1474 facere
583 1421 665 1473 ineo
690 1420 870 1486 consumunt,

77 1506 158 1572 cujus
183 1502 339 1557 orationem
362 1502 539 1571 approbant;
559 1517 700 1555 summum
720 1517 782 1555 esse
803 1503 871 1556 Ver-

77 1584 277 1654 cingetorigem
290 1584 399 1650 ducem,
413 1599 466 1637 nec
486 1584 521 1636 de
533 1582 593 1650 ejus
609 1582 663 1636 fide
677 1581 867 1652 dubitandum·

77 1682 129 1721 nec
161 1667 268 1736 majore
295 1664 403 1720 ratione
431 1664 536 1719 bellum
561 1663 751 1718 administrari
776 1681 869 1734 posse.

76 1751 217 1818 Statuunt,
242 1757 273 1803 ut
299 1749 399 1802 decem
424 1747 513 1802 millia
536 1748 683 1801 hominurn
709 1747 817 1802 delecta
839 1766 873 1803 ex

75 1831 206 1886 omnibus
227 1829 315 1899 copiis
341 1831 370 1884 in
386 1829 525 1900 oppidum
549 1829 704 1898 mittantur,
727 1845 780 1883 nec
805 1832 872 1884 solis

77 1913 249 1983 Biturigibus
281 1929 460 1967 communem
490 1912 609 1966 salutern
641 1913 871 1967 committendam

76 2004 201 2064 censent,
214 1993 288 2065 quod
301 2011 386 2062 penes
396 2011 454 2062 eos,
463 1994 486 2047 si
499 1994 528 2047 id
538 1994 673 2062 oppidum
686 1995 871 2061 retinuissent,

77 2093 218 2131 summam
229 2077 354 2130 victoriae
368 2086 497 2130 constare
511 2076 712 2143 intelligebant.

111 2161 210 2214 XXII.
229 2160 369 2227 Singulari
382 2160 503 2214 militum
525 2168 684 2213 nostrorum
697 2159 793 2214 virtuti
806 2176 872 2213 con-

77 2241 139 2294 silia
151 2241 285 2311 cujusque
297 2242 374 2295 modi
396 2241 544 2295 Gallorum
565 2241 758 2306 occurrebant,
779 2251 810 2294 ut
829 2252 872 2295 est

76 2340 194 2378 summae
206 2340 294 2392 genus
315 2324 446 2377 sollertiae
465 2332 549 2392 atque
570 2323 608 2375 ad
627 2322 722 2375 omnia
735 2322 871 2375 imitanda

75 2414 103 2459 et
117 2405 273 2473 efficienda,
280 2423 343 2475 quae
355 2406 391 2459 ab
399 2421 511 2475 quoque
520 2405 674 2471 traduntur,
686 2403 871 2472 aptissimum.

78 2489 154 2541 Nam
186 2496 214 2541 et
242 2488 349 2557 laqueis
370 2488 456 2541 falces
484 2487 656 2547 avertebant,
683 2502 761 2555 quas,
786 2501 872 2554 quum

70 2568 292 2636 destinaverant,
317 2569 464 2622 tormentis
485 2566 622 2622 introrsus
642 2567 820 2634 reducebant,
845 2577 873 2622 et

75 2641 206 2718 aggerem
219 2651 355 2706 cuniculis
372 2650 582 2718 subtrahebant,
599 2649 632 2704 eb
645 2647 894 2708 summussos&

75 2732 152 2800 apud
164 2749 212 2788 eos
224 2749 338 2804 magnae
357 2740 425 2790 sunt
442 2732 586 2800 terrariae,
596 2739 693 2798 atque
709 2738 806 2779 omne
815 2723 922 2778 em*
