1996 3144
177 231 239 285 DE
254 229 389 286 BELLO
409 229 592 299 GALLICO,
610 232 690 287 LIB.
715 233 785 288 VII.
847 245 878 299 17

118 372 226 426 XXIV.
246 370 301 424 His
326 380 366 426 tot
396 372 479 426 rebus
503 371 638 441 impedita
662 372 879 443 oppugnatione,

81 453 191 522 milites,
206 471 292 524 quum
310 463 369 508 toto
387 463 513 522 tempore
532 454 634 522 frigore
652 462 680 510 et
693 455 815 509 assiduis
829 454 880 508 im·

80 535 177 590 bribus
189 537 372 603 tardarentur,
385 545 481 589 tamen
499 536 655 592 continenti
668 537 766 592 labore
784 539 880 592 omnia

80 617 142 672 haec
151 627 358 688 superaverunt,
367 627 394 672 et
404 617 502 672 diebus
510 618 608 686 viginti
619 619 740 690 quinque
749 636 880 690 aggerem

79 699 167 753 latum
179 700 266 768 pedes
278 709 417 756 trecentos
429 709 458 755 et
469 699 592 770 triginta,
604 703 692 757 altum
702 703 789 772 pedes
802 710 879 756 octo·

79 782 158 850 ginta
171 793 370 838 exstruxerunt.
409 784 504 853 Quum
512 783 536 837 is
548 801 659 840 murum
665 785 789 840 hostium
797 800 880 854 paene

79 865 261 934 contingeret,
274 876 302 920 et
316 868 412 920 Caesar
424 865 462 920 ad
481 882 552 936 opus
564 868 766 922 consuetudine
778 867 879 922 excub-

79 959 148 1018 aret,
157 951 316 1023 militesque
334 952 494 1007 hortaretur
505 969 542 1006 ne
553 954 630 1023 quod
642 950 757 1007 omnini>
766 963 878 1022 tempus

78 1034 115 1087 ab
129 1049 211 1102 opere
221 1035 457 1103 intermitteretur,
466 1032 551 1103 pauli>
560 1039 625 1088 ante
634 1035 745 1090 tertiam
753 1035 879 1103 vigiliam

69 1124 122 1170 est
134 1116 360 1171 animadversum
372 1116 481 1173 fumare
499 1134 638 1187 aggerem,
652 1135 735 1187 quem
749 1117 878 1172 cuniculo

78 1198 175 1253 hostes
189 1198 410 1264 succenderant;
430 1199 586 1269 eodemque
593 1208 718 1269 ternpore
726 1208 785 1255 toto
798 1217 878 1255 muro

78 1279 201 1336 clamore
221 1281 339 1349 sublato,
362 1281 473 1337 duabus
494 1283 584 1351 portis
606 1283 643 1336 ab
657 1292 773 1353 utroque
791 1285 877 1337 latere

77 1365 194 1418 turrium
218 1363 327 1434 eruptio
351 1363 444 1420 fiebat.
481 1364 539 1418 Alii
561 1365 637 1419 faces
662 1375 746 1434 atque
767 1365 876 1420 aridam

77 1447 222 1502 materiem
244 1448 280 1502 de
299 1464 379 1501 muro
401 1447 429 1500 in
451 1463 583 1516 aggerem
596 1445 705 1502 eminirs
723 1447 875 1517 jaciebant,

76 1529 134 1583 alii
151 1529 244 1598 picem
264 1529 440 1600 reliquasque
460 1545 514 1597 res,
544 1529 644 1599 quibus
667 1529 739 1598 ignis
761 1529 876 1584 excitari

76 1619 180 1681 potest,
200 1610 364 1680 fundebant,
376 1621 416 1676 ut,
436 1608 491 1681 qub
509 1608 633 1681 primirm
655 1622 808 1666 curreretur
827 1622 876 1667 aut

77 1694 122 1747 cui
147 1694 186 1748 rei
211 1694 327 1749 ferretur
351 1695 492 1762 auxilium,
517 1695 564 1748 vix
588 1693 659 1748 ratio
681 1693 745 1748 iniri
769 1704 875 1764 posset.

78 1777 195 1848 Tamen,
205 1774 281 1846 qubd
294 1775 422 1831 instituto
431 1775 552 1830 Caesaris
562 1793 671 1844 semper
680 1777 744 1831 duae
751 1777 875 1846 legiones

75 1879 128 1933 pro
141 1863 240 1919 castris
261 1862 438 1919 excubabant
450 1864 607 1933 pluresque,
626 1863 736 1932 partitis
755 1873 875 1933 tempor·

76 1945 149 2014 ibus,
167 1956 246 2000 erant
269 1946 298 1998 in
320 1961 411 2016 opere,
435 1945 559 2000 celeriter
586 1945 692 2001 sactum
713 1954 757 2000 est
776 1956 808 2002 ut
826 1946 874 2000 alii

75 2029 268 2097 eruptionibus
281 2029 449 2096 resisterent,
464 2027 510 2082 alii
532 2037 620 2083 turres
641 2030 806 2083 reducerent
825 2046 875 2098 ag·

75 2126 227 2183 geremque
251 2111 492 2179 interscinderent,
518 2111 610 2166 omnis
636 2130 700 2167 vero
720 2129 754 2167 ex
774 2112 874 2166 castris

75 2192 227 2247 multitudo
240 2195 277 2249 ad
289 2194 520 2263 restinguendum
533 2205 715 2249 concurreret.

111 2276 204 2331 XXV.
225 2279 318 2348 Quum
338 2277 367 2331 in
388 2277 519 2330 omnibus
539 2276 617 2343 locis,
632 2281 799 2345 consumpta
814 2275 875 2343 J'am

76 2363 184 2433 reliqua
195 2374 274 2435 parte
286 2363 385 2430 noctis,
396 2371 565 2432 pugnaretur
573 2377 737 2431 semperque
746 2361 874 2415 hostibus

76 2461 141 2514 spes
154 2447 278 2502 victoriae
290 2446 531 2514 redintegraretur,
544 2443 578 2498 eb
590 2443 690 2514 magis,
704 2441 780 2514 qubd
793 2443 874 2497 deus-

76 2533 122 2582 tos
131 2528 240 2598 pluteos
250 2530 367 2584 turrium
376 2527 518 2595 videbant,
526 2545 578 2582 nec
587 2526 669 2583 sacili
679 2528 755 2582 adire
763 2534 874 2596 apertos

56 2600 59 2605 ’
75 2609 115 2664 ad
133 2610 325 2666 auxiliandum
345 2608 616 2677 animadvertebant,
636 2625 801 2680 semperque
821 2607 875 2678 ipsi

55 2702 204 2770 'recentes
227 2692 346 2750 defessis
370 2691 563 2763 succederent,
586 2708 767 2761 omnemque
783 2689 897 2744 (subm

66 2773 195 2830 'salutem
214 2774 242 2830 in
261 2777 309 2832 illo
328 2773 450 2848 vestigio
462 2776 608 2850 temporis
628 2775 770 2845 positam
786 2766 920 2820 affirma·

102 2873 175 2916 calla
185 2875 389 2930 Wansoakzur.
799 2857 825 2898 ς’
