1996 3144
94 238 130 302 48
308 233 337 286 C.
357 231 479 301 JULII
493 233 681 289 CAESARIS

94 376 181 445 portis
194 371 299 429 relictis
312 383 520 428 coacervantur.
558 375 692 430 Germani
701 376 794 431 acriirs
808 393 895 447 usque

93 457 131 511 ad
160 455 331 510 munitiones
361 466 521 526 sequuntur.
572 458 618 513 Fit
647 474 752 528 magna
781 458 894 524 caedes;

93 538 228 600 nonnulli,
242 538 345 591 relictis
357 537 445 607 equis,
455 538 562 593 fossam
570 540 690 594 transire
702 550 730 596 et
742 538 895 595 maceriam

92 619 290 675 transcendere
311 630 456 674 conantur.
494 619 614 676 Paulum
641 621 766 690 legiones
789 622 894 688 Caesar,

93 720 163 773 quas
176 719 227 771 pro
239 702 314 755 vallo
326 702 519 772 constituerat,
531 703 690 771 promoveri
699 704 788 774 jubet.
827 706 894 758 Non

93 781 195 852 minin,
216 783 264 854 qui
291 782 366 838 intra
390 784 561 838 munitiones
585 793 673 854 erant,
697 787 896 855 perturbantur

94 867 168 922 Galli
181 886 188 932 ;
206 865 295 919 veniri
308 866 388 919 adse
401 865 548 919 confestim
562 865 756 922 existimantes
768 867 806 921 ad
816 883 896 922 arma

92 950 270 1005 conclamant
281 967 288 1013 ;
302 947 428 1002 nonnulli
442 947 580 1017 perterriti
589 947 619 1002 in
629 949 765 1018 oppidum
777 949 894 1018 irrump-

92 1041 150 1086 unt.
187 1031 398 1100 Vercingetorix
413 1031 494 1100 jubet
506 1040 603 1101 portas
621 1030 724 1099 claudi,
745 1047 782 1090 ne
800 1040 896 1087 castra

92 1114 239 1168 nudentur.
278 1113 378 1167 Multis
402 1113 565 1183 interfectis,
590 1112 782 1183 compluribus
812 1112 894 1183 equis

92 1196 192 1266 captis,
206 1195 340 1250 Germani
355 1212 417 1249 sese
429 1196 577 1266 recipiunt.

129 1279 234 1332 LXXI.
252 1276 472 1346 Vercingetorix,
484 1276 649 1347 priusquam
667 1277 838 1334 munitiones
856 1279 894 1333 ab

94 1360 231 1415 Romanis
253 1358 443 1428 perficiantur,
464 1358 614 1413 consilium
631 1360 717 1430 capit,
729 1377 844 1415 omnem
856 1360 894 1414 ab

82 1458 124 1498 ¹se
137 1441 291 1512 equitatum
304 1451 389 1496 noctu
398 1439 547 1497 dimittere.
585 1442 805 1498 Discedentibus
814 1459 894 1496 man-

93 1527 151 1593 dat,
181 1535 212 1580 ut
242 1542 322 1580 suam
353 1523 471 1596 quisque
500 1541 597 1581 eorum
627 1523 770 1581 civitatem
800 1526 894 1593 adeat,

93 1624 255 1679 omnesque,
269 1611 317 1680 qui
339 1624 390 1679 per
411 1618 523 1664 aetatern
544 1625 623 1664 arma
641 1608 713 1665 ferre
723 1610 843 1682 possint,
855 1609 894 1664 ad

92 1692 198 1746 bellum
228 1702 340 1761 cogant.
385 1692 443 1746 Sua
472 1691 502 1744 in
533 1690 595 1745 illos
625 1693 725 1746 merita
754 1693 894 1762 proponit,

39 1838 43 1844 ,
93 1774 304 1843 obtestaturque
315 1782 347 1828 ut
360 1790 418 1828 suae
431 1773 529 1828 salutis
541 1774 680 1828 rationem
693 1774 825 1841 habeant,
838 1790 893 1827 neu

93 1874 123 1911 se
136 1854 241 1924 optime
253 1854 289 1908 de
302 1855 444 1909 communi
463 1855 591 1908 libertate
608 1855 741 1909 meritum
764 1855 893 1909 hostibus

93 1938 124 1992 in
154 1936 309 1991 cruciatum
339 1936 453 1991 dedant.
503 1934 587 2006 Quod
617 1937 642 1990 si
672 1935 893 2006 indiligentiores

92 2020 204 2088 fuerint,
235 2019 325 2074 millia
353 2019 502 2072 hominum
532 2018 641 2074 delecta
670 2019 814 2088 octoginta
837 2017 894 2073 unit

94 2119 191 2158 secum
217 2102 365 2156 interitura
389 2101 571 2155 demonstrat.
610 2101 731 2155 Ratione
759 2101 837 2168 inita,
862 2118 892 2155 se

94 2184 192 2255 exigue
204 2185 310 2239 dierum
325 2184 439 2253 triginta
451 2183 555 2238 habere
563 2183 741 2253 frumentum,
749 2185 800 2239 sed
809 2183 893 2254 pauli)

94 2268 180 2324 etiam
193 2266 305 2338 longius
318 2267 429 2323 tolerari
449 2283 533 2336 posse
554 2267 706 2336 parcendo.
744 2267 799 2321 His
819 2267 893 2321 datis

94 2351 244 2419 mandatis,
276 2349 331 2421 quit
361 2367 432 2420 opus
458 2359 518 2404 erat
542 2349 742 2417 intermissum,
768 2350 894 2404 secunda

93 2433 190 2500 vigilia
202 2433 313 2487 silentio
323 2432 478 2500 equitatum
487 2431 582 2485 mittit.
619 2432 802 2486 Frumentum
810 2447 894 2484 omne

94 2516 132 2569 ad
157 2533 187 2569 se
206 2514 301 2570 referri
319 2513 415 2582 jubet;
436 2512 536 2581 capitis
561 2529 678 2582 poenam
701 2514 745 2579 iis,
763 2511 812 2581 qui
835 2528 893 2565 non

93 2596 244 2664 paruerint,
258 2592 422 2658 constituit;
440 2608 535 2662 pecus,
543 2593 622 2662 cujus
631 2609 735 2662 magna
744 2603 804 2648 erat
812 2594 894 2662 copia

93 2677 131 2731 ab
157 2676 324 2731 Mandubiis
354 2676 509 2743 compulsa,
534 2675 639 2729 viritim
660 2675 811 2741 distribuit,
838 2675 894 2730 fru-

94 2768 220 2814 mentum
232 2756 317 2828 parco
329 2766 357 2812 et
369 2755 506 2826 paulatim
518 2756 610 2811 metiri
623 2755 750 2812 instituit.
789 2756 892 2827 Copias
