1996 3144
165 316 169 321 ,
226 253 288 309 DE
303 255 439 310 aaran
459 256 644 324 carme,
662 256 739 310 zm.
765 257 829 311 vn.
892 272 926 325 43

127 393 325 450 communicet.
363 396 406 450 Re
428 395 585 466 impetrata,
607 397 782 451 contendunt
807 406 838 451 ut
857 397 927 466 ipsis

126 493 238 532 summa
257 476 366 546 imperii
388 477 521 546 tradatur,
546 488 575 533 et
599 495 629 532 re
654 480 682 533 in
708 481 927 534 controversiam

126 559 248 615 deducta
260 560 344 614 totius
359 561 459 614 Galliae
478 560 628 615 concilium
642 563 773 615 Bibracte
787 562 926 617 indicitur.

126 642 237 696 Eodem
250 641 419 697 conveniunt
431 642 555 712 undique
574 643 741 714 frequentes
780 645 926 699 Multitud-

126 724 181 778 inis
206 723 346 793 suffragiis
371 740 415 779 res
439 724 627 794 permittitur;
654 727 691 780 ad
715 744 803 781 unum
828 742 926 780 ornnes

125 806 379 876 Vircingetorigem
403 807 524 876 probant
554 809 761 876 imperatorem.
796 809 842 863 Ab
872 808 926 864 hoc

125 889 245 943 concilio
267 888 358 956 Remi,
371 889 534 958 ,Lingonea
561 890 676 944 Treveri
700 891 847 957 afuerunt3
877 892 926 960 illi,

44 963 47 968 ¹
125 969 201 1041 qubd
213 969 367 1025 amicitiam
381 971 574 1025 Romanorum
583 974 770 1041 sequebantur
782 993 788 1040 3
803 975 926 1039 Treveri,

124 1050 202 1123 quod
213 1053 330 1108 aberant
342 1051 455 1121 longids
468 1063 496 1108 et
507 1054 545 1106 ab
560 1055 706 1108 Germanis
720 1055 924 1125 premebantur,

124 1151 189 1205 quae
200 1135 252 1190 fuit
265 1152 360 1202 causa,
373 1151 459 1204 quare
471 1144 531 1189 toto
545 1137 677 1190 abessent
690 1138 764 1191 bello
778 1147 805 1192 et
818 1140 923 1192 neutris

124 1217 227 1272 auxilia
247 1218 398 1272 mitterent.
436 1218 544 1285 Magno
563 1218 659 1273 dolore
672 1220 759 1273 AEdui
780 1221 872 1275 serunt
893 1238 923 1275 se

123 1300 247 1370 dejectos
271 1300 438 1370 principatu,
458 1310 610 1371 queruntur
628 1302 748 1357 fortunae
767 1313 922 1359 commuta·

123 1383 229 1439 tionem
253 1391 281 1438 et
301 1383 421 1437 Caesaris
440 1384 646 1452 indulgentiam
666 1385 695 1438 in
720 1402 749 1440 se
770 1386 922 1455 requirunt,

124 1482 213 1536 neque
237 1474 340 1529 tamen,
360 1474 491 1534 suscepto
510 1467 593 1536 bello,
613 1483 694 1521 suurn
712 1469 863 1522 consilium
885 1469 922 1522 ab

122 1548 235 1620 reliquis
248 1564 377 1617 separare
390 1549 502 1603 audent
543 1548 627 1604 Inviti
648 1566 766 1603 summae
788 1550 848 1619 spei
871 1553 921 1606 ad·

121 1632 277 1687 olescentes
304 1629 478 1700 Eporedorix
502 1640 530 1685 et
551 1630 745 1686 Viridomarus
770 1634 921 1704 Vercinge-

121 1713 202 1784 torigi
215 1723 323 1783 parent.

157 1798 261 1852 LXIV.
281 1798 347 1866 lpse
359 1795 479 1866 imperat
497 1795 610 1867 reliquis
629 1797 789 1852 civitatibus
804 1800 918 1854 obsides

120 1881 251 1951 diemque
266 1879 332 1933 huic
351 1881 391 1933 rei
410 1880 554 1934 constituit
564 1900 571 1946 ;
592 1896 690 1935 omnes
703 1881 818 1952 equites,
839 1884 920 1952 quin-

120 1965 212 2020 decim
236 1961 324 2015 millia
348 1979 472 2025 numero,
505 1963 629 2017 celeriter
660 1965 809 2020 convenire
830 1967 918 2036 jubet.

120 2048 354 2116 Peditatu,que1n
368 2055 452 2100 antea
470 2047 615 2116 habuerat,
629 2063 658 2100 se
681 2046 740 2101 fore
754 2059 919 2104 contentum

119 2130 195 2197 dicit,
222 2145 312 2199 neque
342 2130 482 2183 fortunam
513 2138 687 2184 tentaturum
718 2141 766 2185 aut
797 2132 826 2184 in
857 2134 918 2186 acie

119 2213 334 2278 dimicaturum
353 2214 410 2280 sed,
429 2215 562 2283 quoniam
576 2213 699 2266 abundet
713 2214 848 2283 equitatu,
857 2231 918 2284 per-

119 2294 201 2350 facile
209 2312 270 2349 esse
278 2295 353 2351 factu
362 2296 624 2351 frumentationibus
635 2295 918 2368 pabulationibusque

119 2380 263 2433 Romanos
285 2380 441 2449 prohibere,
463 2395 545 2449 aequo
565 2378 650 2432 modo
673 2377 767 2432 animo
791 2395 842 2433 sua
864 2380 917 2449 ipsi

116 2462 256 2518 frumenta
269 2473 449 2534 corrumpant
457 2463 634 2533 aedificiaque
643 2461 803 2530 incendant,
813 2469 869 2531 qua
876 2463 917 2518 rei

116 2545 540 2618 familiarisjacturaperpetuum
549 2547 695 2617 imperium
703 2546 916 2616 libertatemque

115 2646 145 2685 se
157 2629 291 2699 consequi
304 2631 424 2686 videant.
465 2632 520 2686 His
534 2631 692 2685 constitutis
705 2631 798 2698 rebus,
813 2630 923 2690 AEduisl

117 2711 341 2782 Segusiavisque,
355 2713 402 2783 qui
425 2723 488 2768 sunt
511 2713 621 2768 finitimi
640 2713 923 2782 provinciae,decem

113 2794 201 2849 millia
219 2793 350 2866 pediturn
368 2795 515 2871 imperat3
526 2796 593 2852 buc
609 2795 698 2850 addit
714 2792 833 2860 equum.
853 2787 950 2834 actm·
