1996 3144
196 230 228 298 58
407 232 436 284 c,
455 228 573 298 JULll
589 229 773 287 cAEsAnrs

191 368 343 436 adlribent3
380 386 415 424 cx
444 370 488 423 his
525 371 698 440 superiorum
728 382 883 427 castrorum
919 375 995 433 sitris

191 451 416 523 munitionesque
432 460 613 521 cognoscunt.
645 454 715 506 Erat
728 470 746 507 a
756 456 980 523 septentrionibu

191 534 279 603 collis,
297 550 380 605 quem
393 543 506 605 propter
517 533 741 603 magnitudinem
754 537 886 592 circuitus
906 556 996 609 opere

193 616 381 686 circumplecti
394 632 451 670 non
461 625 610 685 potuerant
623 617 722 670 nostri:
736 619 894 674 necessario
907 639 995 691 paene

190 697 285 769 iniquo
297 700 360 754 loco
372 708 400 754 et
412 699 513 754 leniter
524 699 624 754 declivi
638 709 731 753 castra
743 699 875 757 fecerunt
916 705 993 761 Haec

192 780 275 835 Caius
284 782 421 837 Antistius
436 782 561 850 Reginus
575 791 602 836 et
616 782 701 835 Caius
719 783 855 837 Caninius
871 785 992 842 Rebilus

189 864 273 931 legati
283 880 346 918 cum
356 865 464 919 duabus
477 865 634 933 legionibus
644 864 819 919 obtinebant.
861 868 992 936 Cognitis

191 964 239 1015 pur
257 950 442 1018 exploratores
461 948 629 1016 regionibus,
651 947 736 1000 duces
755 948 879 1003 hostium
905 966 990 1005 sexa·

190 1029 267 1095 ginta
280 1031 368 1086 millia
389 1032 518 1086 exomni
541 1047 655 1085 numero
674 1030 800 1098 deligunt
819 1049 916 1086 earum
930 1033 993 1088 civ·

191 1111 298 1183 iratum,
323 1131 387 1183 quat
405 1116 558 1168 maximam
581 1114 691 1167 virtutis
715 1114 877 1183 opinionem
899 1115 992 1187 habe,-

191 1192 270 1259 baut3
284 1197 351 1266 quid
361 1214 470 1267 quoque
479 1207 562 1266 pacto
571 1198 616 1265 agi
626 1199 744 1267 placeat,
755 1195 862 1251 occulte
872 1197 946 1253 inter
957 1215 990 1253 se

191 1278 362 1334 constituunt
374 1301 380 1345 ;
394 1280 516 1335 adeundi
529 1290 639 1350 tempus
650 1280 793 1347 definiunt,
805 1297 891 1350 quum
904 1282 993 1335 meri·

190 1361 250 1416 dies
270 1378 333 1416 esse
351 1363 485 1418 videntur.
525 1363 579 1416 His
593 1362 681 1433 copiis
694 1358 991 1420 Vercnssivellaunum

190 1446 353 1515 Arvernum,
367 1464 453 1501 unum
466 1463 499 1501 ex
518 1457 638 1516 quatuor
651 1446 778 1513 ducibus,
800 1445 992 1515 propinquum

190 1528 433 1599 Vercingetorigis,
453 1529 617 1600 praeficiunt.
656 1529 707 1583 llle
726 1544 760 1582 ex
779 1529 878 1583 castris
896 1531 993 1598 prime

189 1610 283 1679 vigilii
295 1630 432 1681 egressus,
445 1629 532 1682 prope
553 1612 680 1666 confecto
702 1613 754 1665 sub
775 1612 867 1666 lucem
880 1611 994 1686 itinere,

189 1704 253 1763 post
266 1706 390 1750 montem
404 1712 434 1749 se
447 1695 607 1763 occultavit,
626 1695 784 1764 militesque
802 1710 836 1747 ex
847 1705 991 1752 nocturno

190 1779 286 1834 labore
311 1796 372 1833 sese
395 1780 507 1834 reficere
528 1777 619 1848 jussit.
659 1776 753 1846 Quum
775 1778 836 1846 jam
856 1779 992 1835 meridies

190 1864 413 1933 appropinquare
425 1863 572 1928 rideretur,
596 1861 633 1914 ad
655 1877 690 1915 ea
709 1870 810 1927 castra,
823 1877 888 1930 quae
901 1861 994 1933 suprd

190 1946 452 2013 ‹leniens-trarimus,
477 1944 641 2007 contendit3
672 1943 829 2013 eodemque
859 1954 991 2016 tempore

189 2029 329 2099 uluitatus
350 2028 388 2082 nd
411 2037 583 2096 campestres
605 2027 777 2082 munitiones
800 2029 938 2084 accedere
961 2038 994 2085 et

191 2110 303 2181 reliqua*
315 2110 404 2181 copiae
416 2127 466 2181 pro
479 2110 579 2164 castris
594 2127 656 2166 sese
668 2112 816 2166 ostendere
829 2122 988 2181 coeperunt.

228 2194 386 2249 LXXXll'.
405 2192 616 2261 Vercingetorix
643 2209 678 2247 ex
706 2210 771 2248 arce
791 2194 896 2249 Alesiae
921 2210 993 2250 suos

190 2278 368 2348 corisplcntns
381 2292 416 2330 ex
427 2276 532 2345 oppido
543 2276 686 2345 egreditur
697 2296 705 2342 ;
723 2287 824 2345 crates,
836 2278 994 2347 longurios,

191 2362 341 2423 uuis-culos,
353 2360 439 2413 sulces
460 2358 631 2429 reliquaque.
644 2378 708 2430 quae
727 2362 881 2430 eruptionis
898 2368 992 2417 causi

192 2442 467 2513 premerunprosert.
506 2443 647 2511 Pugnatur
656 2461 713 2497 uno
721 2454 847 2514 tempore
856 2443 992 2500 omnibus

190 2527 268 2585 locis,
289 2538 373 2595 utque
396 2526 491 2579 omnin
515 2536 673 2585 tenuntur:
700 2544 765 2595 quae.
785 2525 902 2581 minime
922 2526 989 2580 visa

190 2628 255 2679 pits
265 2610 344 2662 tirum
352 2610 467 2665 esnhnc
478 2610 657 2663 concurritur.
688 2610 878 2663 llonmnonrm
886 2625 992 2663 manus

189 2694 274 2747 emtis
296 2692 498 2745 munitionilms
520 2692 674 2747 distinetur.
688 2710 740 2747 nec
760 2692 841 2747 meite
859 2692 991 2762 pluribus

189 2778 257 2829 locis
276 2776 404 2829 cucurrit.
444 2772 565 2829 Multiun
578 2775 616 2829 nd
628 2777 772 2830 terrendos
785 2786 897 2830 nostros
908 2777 988 2832 valet
