1996 3144
104 221 122 274 6
316 220 347 274 c.
367 216 487 287 JULJJ
503 216 692 273 CAESARJS

104 359 292 413 Arvernorum
316 358 447 428 pervenit.
485 357 595 426 Quibus
621 357 764 428 oppressis
793 355 904 425 inopin-

104 440 225 509 antibus,
239 438 314 509 quod
327 457 358 494 se
371 441 504 494 Cebenna
517 449 548 494 ut
557 456 637 494 muro
647 440 770 493 munitos
779 437 903 493 existim-

105 523 200 589 abant,
222 538 255 576 ac
282 536 318 574 ne
346 520 480 590 singulari
508 521 623 591 quidem
642 537 766 591 unquam
792 520 899 574 homini

104 621 139 657 eo
160 613 285 672 ternpore
297 603 365 657 anni
377 602 487 658 semitae
511 612 667 672 patuerant,
690 602 831 673 equitibus
853 604 907 656 im-

104 695 191 756 perat,
204 695 243 753 ut,
257 685 341 756 quim
353 683 490 739 latissimb
502 686 619 754 possint,
631 697 769 755 vagentur
777 695 805 740 et
818 683 901 754 quiin]

105 767 259 821 maximum
285 759 414 822 hostibus
439 778 573 822 terrorem
603 767 732 821 inserant
771 767 905 822 Celeriter

103 851 165 905 haec
192 850 269 904 sama
290 867 323 903 ac
338 850 442 905 nuntiis
461 849 498 902 ad
516 850 775 918 Vercingetorigem
800 849 904 918 perfer-

105 942 201 998 untur;
221 948 305 1002 quem
313 931 450 1001 perterriti
458 948 557 986 omnes
569 932 687 986 Arverni
697 932 905 986 circumsistunt

105 1026 190 1084 atque
202 1016 359 1081 obsecrant,
378 1025 409 1069 ut
425 1015 490 1068 ‘suis
510 1013 627 1068 fortunis
654 1014 782 1067 consulat
801 1031 855 1068 neu
875 1031 905 1067 se

105 1099 142 1150 ab
155 1097 282 1151 hostibus
296 1097 377 1165 diripi
392 1097 522 1166 patiatur,
536 1097 692 1166 praesertim
711 1113 799 1167 quum
811 1095 906 1150 videat

106 1196 189 1233 omne
219 1181 256 1233 ad
286 1196 316 1233 se
346 1180 449 1233 bellurn
480 1180 654 1233 translatum.
704 1181 831 1248 Quorum
859 1179 905 1231 ille

106 1261 235 1329 precibus
257 1270 401 1329 permotus
421 1269 514 1314 castra
528 1277 563 1314 ex
577 1259 750 1328 Biturigibus
763 1269 857 1316 movet
876 1259 905 1312 in

106 1344 247 1396 Arvernos
260 1339 367 1396 versirs.

143 1426 194 1478 IX.
212 1426 250 1478 At
265 1425 359 1479 Caesar
371 1423 489 1478 biduum
502 1423 530 1477 in
543 1423 588 1478 his
599 1423 670 1477 locis
683 1433 815 1491 moratus,
830 1423 905 1494 qubd

106 1509 168 1561 haec
198 1507 234 1560 de
269 1506 499 1575 Vercingetorige
534 1524 587 1560 usu
616 1517 736 1561 ventura
772 1507 904 1575 opinione

106 1597 285 1659 praeceperat,
298 1606 349 1660 per
368 1605 484 1643 causam
503 1589 689 1658 supplementi
708 1589 904 1659 equitatusque

106 1672 225 1740 cogendi
238 1671 275 1724 ab
287 1671 409 1726 exercitu
422 1670 550 1738 discedit,
566 1674 684 1724 Brutum
696 1671 905 1726 adolescentem

106 1754 151 1807 his
164 1754 252 1823 copiis
264 1752 400 1820 praeficit3
420 1754 496 1807 hunc
506 1761 612 1819 monet,
620 1762 651 1805 ut
665 1753 694 1804 in
704 1767 802 1806 omnes
810 1762 905 1822 partes

107 1835 215 1903 equites
238 1834 323 1904 quum
342 1833 480 1888 latissime
499 1843 702 1903 pervagentur:
722 1834 853 1888 daturum
875 1850 906 1888 se

107 1934 229 1984 operam,
242 1933 279 1969 ne
300 1915 412 1984 longiirs
432 1916 524 1969 triduo
546 1914 584 1968 ab
606 1915 705 1970 castris
728 1915 811 1969 absit.
850 1916 905 1968 His

108 1997 265 2053 constitutis
278 1998 370 2066 rebus,
383 1998 441 2052 suis
450 1997 669 2066 inopinantibus,
678 1996 762 2067 quiem
775 1997 904 2051 maximis

107 2089 199 2150 potest
219 2079 366 2134 itineribus
387 2080 528 2133 Viennam
549 2080 685 2148 pervenit.
741 2080 785 2134 Ibi
804 2089 904 2135 nactus

107 2172 248 2218 recentem
261 2162 425 2231 equitatum,
439 2177 523 2230 quern
543 2162 639 2216 multis
662 2161 728 2217 autb
749 2162 848 2216 diebus
870 2162 904 2217 eb

107 2246 291 2314 praemiserat,
304 2260 395 2315 neque
415 2243 515 2297 diurno
538 2259 629 2313 neque
651 2254 788 2300 nocturno
806 2244 904 2299 itinere

108 2327 275 2396 intermisso,
298 2343 348 2397 per
368 2327 439 2381 fines
452 2326 611 2381 AEduorum
634 2326 663 2380 in
677 2327 817 2397 Lingones
837 2345 904 2382 con-

107 2409 205 2477 tendit,
217 2410 265 2463 ubi
273 2409 338 2464 duae
348 2408 472 2478 legiones
480 2408 651 2477 hiemabant,
661 2419 700 2478 ut,
709 2410 733 2464 si
741 2409 809 2481 quid
818 2410 904 2464 etiam

108 2490 144 2543 de
157 2499 208 2544 sua
221 2493 311 2546 salute
323 2492 360 2545 ab
373 2490 477 2544 AEduis
496 2491 611 2545 iniretur
631 2491 750 2560 consilii,
763 2492 904 2546 celeritate

106 2582 294 2640 praecurreret.
342 2572 386 2627 Εὸ
405 2589 492 2642 quum
511 2574 694 2641 pervenisset,
716 2575 753 2627 ad
781 2573 903 2644 reliquas

106 2654 231 2721 legiones
257 2653 342 2708 mittit
363 2653 499 2723 priusque
526 2669 624 2708 omnes
649 2654 678 2707 in
697 2672 784 2709 unum
809 2657 903 2709 locum

106 2736 190 2804 cogit,
216 2734 301 2805 quim
326 2736 363 2791 de
389 2737 449 2804 ejus
474 2735 596 2790 adventu
622 2737 756 2791 Arvernis
780 2736 903 2792 nuntiari
