1996 3144
195 256 255 310 DE
272 256 408 310 BELLO
428 257 611 320 GALLICO,
630 257 707 311 LIB.
733 259 795 312 VII.
861 273 893 328 25

97 397 260 451 horribilem
280 396 403 466 speciem
422 398 574 467 praebebat,
592 399 787 468 principesque
800 413 895 453 earum

97 478 263 546 civitatium,
283 496 354 549 quos
373 479 426 532 sibi
446 481 485 532 ad
497 479 646 532 consilium
665 481 833 549 capiendum
845 482 894 536 de·

96 561 210 629 legerat,
220 562 311 630 prima
319 561 382 615 luce
391 560 517 630 quotidie
526 561 563 614 ad
574 578 604 615 se
614 563 762 616 convenire
767 563 893 633 jubebat,

96 658 145 696 seu
154 642 222 712 quid
230 642 558 706 communicandum,seu
566 643 892 711 quidadministrandum

97 724 249 790 videretur;
263 741 354 794 neque
363 725 451 781 ullum
459 723 516 778 ferb
526 726 601 780 diem
611 726 819 795 intermittebat,
825 729 891 798 quin

94 807 215 876 equestri
223 807 491 876 proelio,inte1]'ectis
501 809 737 878 sagittariis,quid
747 808 892 880 inquoque

94 898 168 943 esset
181 889 268 942 animi
280 906 314 942 ac
324 889 434 943 virtutis
448 907 561 944 suorum
572 891 782 960 perspiceretur.
821 893 891 948 Erat

93 986 109 1024 e
127 969 240 1040 regione
261 971 358 1041 oppidi
379 971 459 1025 collis
478 972 531 1026 sub
544 973 613 1041 ipsis
632 972 773 1026 radicibus
786 975 890 1030 montis

91 1052 201 1122 egregib
213 1055 337 1108 munitus
350 1062 434 1123 atque
447 1071 481 1108 ex
494 1055 570 1107 omni
590 1065 669 1124 parte
688 1055 868 1110 circumcisus
881 1078 888 1123 ;

90 1151 176 1204 quem
184 1136 207 1188 si
218 1144 344 1189 tenerent
357 1135 454 1203 nostri,
464 1146 493 1190 et
505 1153 587 1206 aquae
599 1145 705 1204 magna
717 1148 795 1206 parte
803 1149 830 1193 et
840 1157 888 1208 pa-

91 1218 234 1272 bulatione
246 1219 334 1273 libera
344 1219 509 1288 prohibituri
521 1218 617 1274 hostes
630 1220 805 1274 videbantur.
831 1223 888 1276 Sed

91 1298 113 1352 is
126 1299 204 1352 locus
222 1299 355 1368 praesidio
368 1300 405 1352 ab
417 1299 462 1354 his
473 1318 529 1354 non
542 1302 627 1356 nimis
638 1303 718 1356 firmo
732 1304 887 1359 tenebatur.

90 1382 199 1435 Tamen
217 1382 329 1438 silentio
350 1382 443 1437 noctis
464 1385 560 1439 Caesar
572 1402 606 1439 ex
626 1384 884 1454 castrisegressus,

88 1463 251 1533 priusquam
261 1464 389 1519 subsidio
403 1480 437 1518 ex
450 1467 553 1535 oppido
562 1467 649 1520 veniri
658 1477 762 1535 posset,
776 1467 884 1537 dejecto

88 1546 227 1614 praesidio,
249 1547 355 1614 potitus
369 1547 440 1615 locu,
454 1547 524 1600 duas
538 1548 577 1602 ibi
590 1549 715 1616 legiones
728 1548 885 1618 collocavit,

86 1628 246 1697 fossamque
256 1627 398 1697 duplicem
407 1628 571 1683 duodenum
583 1631 687 1697 pedum
700 1647 717 1682 a
730 1631 883 1700 majoribus

86 1712 184 1764 castris
206 1709 244 1763 ad
265 1710 376 1763 minora
394 1711 533 1779 perduxit,
552 1721 582 1765 ut
601 1709 662 1765 tutb
680 1712 718 1765 ab
736 1713 883 1780 repentino

85 1792 209 1846 hostium
223 1793 335 1846 incursu
349 1793 434 1847 etiam
448 1793 550 1861 singuli
564 1809 722 1849 commeare
734 1806 858 1863 possent.

118 1874 273 1928 XXXVII.
299 1875 378 1928 Dum
398 1876 461 1929 haec
481 1875 519 1928 ad
545 1876 714 1944 Gergoviam
740 1889 882 1946 geruntur,

85 1957 881 2027 ConvictolitavisAEduus,cuimagistratumadjudicatum

82 2057 100 2095 a
114 2041 225 2094 Caesare
237 2039 499 2109 demonstravimus,
513 2041 678 2095 sollicitatus
697 2043 734 2095 ab
746 2043 880 2098 Arvernis

81 2122 201 2192 pecunia
213 2137 277 2175 cum
286 2122 456 2191 quibusdam
468 2123 693 2179 adolescentibus
704 2123 879 2194 colloquitur,

81 2220 199 2274 quorum
211 2213 270 2257 erat
282 2203 412 2274 princeps
426 2205 585 2259 Litaviccus
598 2214 683 2274 atque
696 2205 755 2273 ejus
768 2205 877 2276 fratres,

80 2286 255 2356 amplissima
280 2285 388 2341 familia
411 2288 470 2341 nati
498 2286 701 2342 adolescentes.
743 2288 816 2341 Cum
833 2289 878 2344 his

79 2369 228 2441 praemium
241 2371 440 2438 communicat,
452 2370 635 2439 hortaturque
648 2378 678 2422 ut
692 2384 722 2422 se
735 2368 838 2423 liberos
850 2382 877 2427 et

79 2451 196 2521 imperio
208 2460 290 2504 natos
309 2451 496 2505 meminerint.
534 2452 631 2505 Unam
643 2466 706 2504 esse
718 2450 876 2506 AEduorum

76 2535 228 2601 civitatem,
241 2550 305 2603 quae
315 2533 502 2588 certissimam
516 2533 617 2587 Galliae
624 2533 771 2587 victoriam
784 2535 876 2590 detin-

76 2627 143 2682 eat;
162 2616 221 2685 ejus
241 2617 407 2671 auctoritate
425 2616 548 2686 reliquas
567 2617 722 2679 contineri;
742 2624 799 2686 qua
818 2627 874 2671 tra-

75 2700 170 2767 ducta,
191 2698 285 2751 locum
304 2697 478 2753 consistendi
500 2698 637 2751 Romanis
656 2698 687 2750 in
699 2698 800 2750 Gallia
818 2715 889 2746 non

69 2783 143 2845 iore.
179 2783 251 2836 Esse
264 2781 400 2836 nonnullo
410 2797 442 2838 se
453 2778 739 2838 Caesarisbeneirc'rn
751 2775 917 2826 allecem,
