1996 3144
94 239 129 292 30
307 225 335 277 c.
356 221 473 302 Jurrr
488 221 676 276 CAESARJS

95 365 239 432 Aristium,
247 363 318 418 nihil
326 361 550 431 publicofactum
558 360 892 431 consiliodemonstrant;

94 446 278 517 quaestionem
297 445 331 499 de
351 444 434 497 bonis
447 443 739 514 direptisdecernunt,
756 446 892 502 Litavicci

93 531 265 598 fratrumque
282 527 358 580 bona
377 526 531 594 publicant,
555 526 663 596 legatos
683 528 720 581 ad
746 529 888 583 Caesarem

94 610 137 666 sui
149 609 287 681 purgandi
300 609 391 678 gratia
399 608 521 663 mittunt.
560 603 632 662 Haec
645 610 751 665 iaciunt
765 627 892 681 recuper-

93 694 231 749 andorum
251 697 365 746 suorum
384 697 488 756 cansa;
509 690 559 744 sed
572 692 754 747 contaminati
767 693 893 749 facinore

94 785 122 832 et
135 775 212 847 capti
224 774 392 844 compendio
412 790 447 828 ex
465 773 580 843 direptis
600 775 694 842 bonis,
707 773 784 846 qubd
801 793 892 832 cares

93 860 131 914 ad
139 860 242 912 multos
254 851 420 926 pertinebat,
435 864 462 909 et
475 855 575 910 timore
587 872 676 925 poenae
688 858 810 912 exterriti
824 876 890 913 con·

94 941 157 998 silla
183 941 256 995 clam
280 939 316 992 de
346 938 421 992 bello
440 937 511 993 inire
538 938 684 1007 incipiunt,
705 940 889 1013 civitatesque

94 1026 215 1095 reliquas
225 1021 410 1092 legationibus
421 1021 580 1076 sollicitant.
594 1023 665 1092 Quae
675 1025 786 1078 tametsi
797 1025 893 1078 Caesar

93 1107 273 1175 intelligebat,
286 1115 389 1174 tamen,
403 1102 488 1173 qubm
499 1103 648 1159 mitissimb
667 1114 768 1174 potest,
781 1106 891 1174 legatos

84 1189 228 1259 appellat:
259 1186 329 1241 nihil
349 1201 379 1239 se
401 1197 514 1256 propter
535 1187 715 1241 inscientiam
734 1187 890 1242 levitatem·

94 1287 149 1342 que
171 1269 248 1338 vulgi
265 1265 378 1336 gravibs
403 1268 439 1320 de
463 1269 575 1322 civitate
596 1268 722 1336 judicare
740 1285 831 1339 neque
854 1271 890 1324 de

94 1352 187 1409 suain
199 1353 308 1406 AEduos
327 1349 523 1405 benevolentia
535 1350 703 1406 deminuere.
744 1353 809 1420 Ipse
821 1351 891 1420 maj-

94 1453 170 1491 orem
194 1434 294 1489 Galliae
312 1443 420 1487 motum
449 1442 624 1503 exspectans,
643 1449 678 1486 ne
700 1432 738 1486 ab
759 1434 890 1488 omnibus

97 1518 255 1572 civitatibus
277 1515 534 1582 circumsisteretur‚
548 1514 665 1570 consilia
685 1514 781 1582 inibat,
795 1533 891 1585 quem·

94 1601 247 1654 admodum
261 1616 279 1652 a
292 1598 432 1666 Gergovia
444 1597 601 1653 discederet
614 1615 648 1652 ac
668 1613 762 1653 rursus
776 1614 889 1652 omnem

93 1684 245 1737 exercitum
252 1680 443 1747 contraheret,
455 1696 491 1734 ne
503 1681 640 1749 profectio
653 1690 721 1735 nata
739 1679 776 1732 ab
790 1682 891 1734 timore

94 1762 258 1818 defectionis
271 1760 370 1815 similis
383 1761 456 1828 fugae
469 1762 619 1820 videretur.

69 1854 73 1859 ·
129 1845 232 1898 XLIV.
253 1845 325 1897 Haec
343 1844 477 1910 cogitanti
491 1843 620 1899 accidere
634 1847 695 1899 visa
709 1858 751 1903 est
770 1848 890 1904 facultas

71 1924 164 1980 'benb
181 1924 221 1981 rei
234 1925 370 1993 gerendae.
410 1927 486 1979 Nam
509 1943 595 1995 quum
617 1927 646 1981 in
668 1931 778 1985 minora
800 1941 891 1985 castra

93 2008 183 2077 operis
213 2006 398 2077 perspiciendi
426 2016 513 2062 causa
536 2010 666 2079 venisset,
692 2012 889 2067 animadvertit

94 2090 202 2154 collem,
216 2089 263 2158 qui
271 2089 309 2142 ab
321 2089 450 2144 hostibus
465 2095 619 2163 tenebatur,
633 2095 768 2150 nudatum
781 2096 889 2150 homin-

93 2172 163 2240 ibus,
182 2171 230 2241 qui
251 2172 440 2241 superioribus
462 2174 562 2230 diebus
575 2178 622 2232 vix
640 2196 699 2248 prae
711 2179 889 2234 multitudine

92 2253 168 2307 ccmi
175 2263 294 2324 poterat.
313 2256 476 2313 Admiratus
485 2260 584 2329 quaerit
594 2277 628 2314 ex
635 2261 758 2332 perfugis
766 2277 889 2325 causam,

96 2353 214 2406 quorum
232 2356 352 2408 magnus
366 2343 481 2398 ad-eum
495 2343 618 2413 quotidie
631 2361 762 2398 numerus
784 2344 889 2397 conflu-

92 2418 165 2472 ebat.
193 2422 350 2479 Constabat
365 2427 436 2481 inter
448 2443 556 2495 omnes,
565 2428 641 2497 quod
650 2427 709 2495 jam
723 2427 782 2496 ipse
794 2427 888 2479 Caesar

90 2515 140 2567 Ρθῐ
157 2505 344 2573 exploratores
355 2519 533 2578 cognoverat,
548 2510 663 2564 dorsum
675 2525 738 2563 esse
757 2508 817 2576 ejus
827 2502 889 2574 jugi

91 2585 177 2654 propb
189 2607 312 2661 aequum,
333 2592 384 2647 sed
404 2592 480 2645 hunc
502 2592 659 2647 silvestrem
678 2600 705 2644 et
724 2598 886 2658 angustum,

90 2664 146 2732 quia
157 2682 230 2727 esset
243 2673 336 2728 aditus
355 2673 392 2727 ad
413 2675 533 2728 alteram
544 2684 655 2743 partem
667 2670 764 2742 oppidi
777 2689 785 2735 ;
807 2669 889 2724 vehe-

90 2762 198 2808 menter
205 2754 271 2810 huic
280 2757 343 2810 illos
354 2756 418 2811 loco
432 2755 540 2824 timere,
553 2771 606 2810 nec
614 2754 676 2822 jam
684 2753 766 2808 aliter
778 2750 891 2820 sentire,
