1996 3144
164 259 224 311 DE
242 258 377 311 BELLO
401 255 585 317 GALLICO‚
604 254 685 308 LIB.
710 254 773 308 VII.
834 270 864 307 21

72 397 217 465 providere
242 406 270 450 et
295 395 457 464 praesentire
482 395 703 462 existimabatur,
730 391 814 466 qubd,
839 410 869 447 re

69 477 185 546 integra,
197 475 288 545 primb
301 477 507 531 incendendum
522 478 683 546 Avaricum,
695 475 758 547 pbst
778 477 869 531 deser·

71 561 184 627 endum,
201 569 355 614 censuerat.
395 561 494 630 ltaque
515 569 546 614 ut
559 560 730 629 reliquorum
749 559 868 630 impera-

69 653 160 697 torum
173 657 217 695 res
231 642 357 696 adversae
370 640 567 696 auctoritatem
580 642 718 711 minuunt,
732 643 772 696 sic
785 641 867 709 hujus

67 742 102 779 ex
114 724 254 779 contrario
269 724 401 793 dignitas,
415 724 596 778 incommodo
618 734 745 794 accept0‚
758 725 786 778 in
806 725 867 778 dIes

68 809 231 875 augebatur.
269 807 358 861 Simul
372 807 400 860 in
414 823 492 876 spem
507 807 659 861 veniebant
671 807 731 876 ejus
744 807 866 860 affirma-

67 891 142 944 tione
156 890 190 943 de
203 890 317 958 reliquis
331 888 518 957 adjungendis
533 888 693 943 civitatibus
705 910 712 955 ;
732 887 866 958 primum-

66 989 120 1042 que
133 989 167 1026 eo
180 981 306 1041 tempore
320 972 395 1024 Galli
409 981 502 1025 castra
514 972 623 1025 munire
637 970 824 1040 instituerunt,
837 982 865 1027 et

65 1052 105 1107 sic
120 1063 185 1107 sunt
198 1054 295 1107 anImo
308 1052 481 1108 consternati
493 1053 623 1108 homines
637 1054 739 1108 insueti
752 1054 864 1123 laboris,

65 1143 95 1188 ut
109 1133 212 1204 omnia,
224 1151 286 1205 quae
299 1134 511 1204 imperarentur,
525 1135 579 1189 sibi
592 1136 727 1204 patienda
739 1135 864 1190 existim-
908 1133 913 1139 ’

65 1224 152 1276 arent.

99 1299 211 1353 XXXI.
231 1299 259 1352 N
261 1315 293 1353 ec
306 1297 410 1367 mimis,
423 1297 506 1369 quam
526 1309 569 1354 est
581 1301 733 1372 pollicitus,
747 1301 864 1356 Vercin-

63 1381 276 1450 getorixanimo
297 1382 454 1450 laborabat,
475 1393 506 1438 ut
529 1384 650 1453 reliquas
669 1383 796 1439 civitates
815 1384 864 1437 ad·

60 1463 197 1533 jungeret,
219 1473 305 1533 atque
326 1481 375 1519 eas
394 1464 477 1518 donis
498 1455 804 1536 pollicitationibusque
822 1467 863 1520 al·

61 1545 183 1600 liciebat.
222 1546 298 1600 Huic
312 1546 352 1600 rei
365 1547 482 1600 idoneos
493 1546 623 1602 homines
633 1548 781 1617 deligebat,
795 1567 863 1618 quo-

61 1643 123 1680 rum
148 1628 267 1697 quisque
291 1638 339 1683 aut
365 1628 490 1682 oratione
514 1631 634 1684 subdola
661 1640 710 1685 aut
738 1631 863 1686 amicitia

61 1706 194 1763 facillime
207 1725 307 1780 capere
319 1720 424 1780 posset.
451 1710 507 1779 Qui
517 1712 640 1766 Avarico
649 1724 808 1783 expugnato
820 1729 862 1766 re·

59 1789 196 1860 fugerant,
209 1793 362 1846 armandos
376 1793 594 1864 vestiendosque
609 1804 705 1861 curata
725 1796 817 1864 sImul,
830 1804 861 1850 ut

59 1873 210 1928 deminutae
230 1875 320 1944 copiae
332 1875 594 1946 redintegrarentur,
614 1878 733 1948 Imperat
752 1888 859 1934 certum

23 1995 27 2002 .
59 1973 206 2010 numerum
223 1958 344 2011 militum
366 1957 537 2026 civitatibus,
550 1977 634 2030 quem
648 1970 675 2015 et
690 1977 774 2030 quam
794 1969 860 2018 ante

59 2038 135 2092 diem
153 2040 181 2092 in
194 2048 288 2095 castra
309 2041 412 2096 adduci
426 2042 501 2112 velit,
515 2044 733 2114 sagittariosque
752 2061 860 2114 omnes,

59 2136 177 2189 quorum
195 2132 255 2176 erat
273 2119 444 2197 permagnus
463 2140 596 2179 numerus
618 2127 647 2180 ln
671 2127 773 2195 Gallia,
793 2143 858 2181 con·

57 2203 130 2271 quiri
142 2213 169 2258 et
188 2205 225 2257 ad
238 2221 268 2258 se
290 2206 364 2260 mitti
372 2206 460 2275 jubet.
498 2208 554 2262 His
574 2211 656 2263 rebus
677 2209 803 2264 celeriter
820 2210 858 2277 id,

56 2285 133 2352 quod
145 2285 258 2339 Avarici
271 2287 436 2356 deperierat,
450 2291 584 2358 expletur.
624 2291 740 2345 Interim
754 2295 857 2346 Teuto-

56 2375 159 2435 matus,
182 2367 354 2423 Olloviconis
374 2370 457 2439 filius,
478 2389 526 2426 rex
548 2372 758 2441 Nitiobrogum,
777 2373 857 2443 cujus

54 2458 135 2516 pater
158 2449 195 2502 ab
221 2462 319 2506 senatu
344 2462 441 2507 nostro
466 2454 573 2509 amicus
606 2466 665 2510 erat
690 2457 857 2526 appellatus,

55 2546 121 2584 cum
138 2548 241 2600 magno
263 2533 389 2603 equitum
410 2551 524 2590 suorum
545 2553 671 2606 numero,
684 2547 712 2593 et
731 2555 801 2608 quos
822 2556 856 2595 ex

53 2612 208 2682 Aquitania
221 2615 401 2684 conduxerat,
414 2617 451 2670 ad
464 2634 529 2671 eum
541 2621 677 2687 pervenit.

88 2694 216 2750 XXXII.
237 2697 334 2750 Caesar
357 2698 471 2752 Avarici
502 2701 660 2770 complures
692 2702 752 2757 dies
777 2721 853 2760 com·

52 2787 186 2846 moratus,
198 2794 395 2850 summamque
404 2781 443 2834 ibi
456 2781 568 2852 copiam
578 2782 707 2838 frumenti
717 2796 744 2841 et
754 2788 852 2854 reliqui
