<?xml version="1.0" encoding="UTF-8"?>
<!DOCTYPE html PUBLIC "-//W3C//DTD XHTML 1.0 Transitional//EN"
    "http://www.w3.org/TR/xhtml1/DTD/xhtml1-transitional.dtd">
<html xmlns="http://www.w3.org/1999/xhtml" xml:lang="en" lang="en">
 <head>
  <title>
</title>
<meta http-equiv="Content-Type" content="text/html;charset=utf-8" />
  <meta name='ocr-system' content='tesseract 3.04.00' />
  <meta name='ocr-capabilities' content='ocr_page ocr_carea ocr_par ocr_line ocrx_word'/>
</head>
<body>
  <div class='ocr_page' id='page_1' title='image "./gallicwarbookiv00whitgoog_0049.png"; bbox 0 0 1996 3144; ppageno 0'>
   <div class='ocr_carea' id='block_1_1' title="bbox 107 214 696 286">
    <p class='ocr_par' dir='ltr' id='par_1_1' title="bbox 107 214 696 286">
     <span class='ocr_line' id='line_1_1' title="bbox 107 214 696 286; baseline -0.012 -12"><span class='ocrx_word' id='word_1_1' title='bbox 107 224 142 286; x_wconf 76' lang='lat'>3⁶</span> <span class='ocrx_word' id='word_1_2' title='bbox 320 221 351 274; x_wconf 92' lang='lat' dir='ltr'>c.</span> <span class='ocrx_word' id='word_1_3' title='bbox 371 214 491 286; x_wconf 80' lang='lat' dir='ltr'><em>JULII</em></span> <span class='ocrx_word' id='word_1_4' title='bbox 507 215 696 268; x_wconf 50' lang='grc' dir='ltr'>[ΛΑΜ</span> 
     </span>
    </p>
   </div>
   <div class='ocr_carea' id='block_1_2' title="bbox 99 353 901 590">
    <p class='ocr_par' dir='ltr' id='par_1_2' title="bbox 99 353 901 590">
     <span class='ocr_line' id='line_1_2' title="bbox 99 353 900 425; baseline -0.001 -14"><span class='ocrx_word' id='word_1_5' title='bbox 99 357 244 425; x_wconf 88' lang='lat' dir='ltr'>potuisset,</span> <span class='ocrx_word' id='word_1_6' title='bbox 268 366 347 410; x_wconf 89' lang='lat' dir='ltr'>tanto</span> <span class='ocrx_word' id='word_1_7' title='bbox 374 371 458 423; x_wconf 89' lang='lat' dir='ltr'>opere</span> <span class='ocrx_word' id='word_1_8' title='bbox 484 353 628 408; x_wconf 86' lang='lat' dir='ltr'>licentiam</span> <span class='ocrx_word' id='word_1_9' title='bbox 651 354 900 424; x_wconf 86' lang='lat' dir='ltr'><strong>arrogantiamque</strong></span> 
     </span>
     <span class='ocr_line' id='line_1_3' title="bbox 99 434 901 509; baseline 0 -17"><span class='ocrx_word' id='word_1_10' title='bbox 99 438 310 509; x_wconf 88' lang='lat' dir='ltr'>reprehendere,</span> <span class='ocrx_word' id='word_1_11' title='bbox 323 436 400 508; x_wconf 81' lang='lat' dir='ltr'>qubd</span> <span class='ocrx_word' id='word_1_12' title='bbox 418 438 481 506; x_wconf 91' lang='lat' dir='ltr'>plus</span> <span class='ocrx_word' id='word_1_13' title='bbox 495 453 533 500; x_wconf 88' lang='lat' dir='ltr'>se,</span> <span class='ocrx_word' id='word_1_14' title='bbox 546 434 631 505; x_wconf 75' lang='lat' dir='ltr'>quam</span> <span class='ocrx_word' id='word_1_15' title='bbox 644 435 851 507; x_wconf 86' lang='lat' dir='ltr'>imperatorem,</span> <span class='ocrx_word' id='word_1_16' title='bbox 863 437 901 492; x_wconf 88' lang='lat' dir='ltr'>de</span> 
     </span>
     <span class='ocr_line' id='line_1_4' title="bbox 99 519 898 590; baseline -0.004 -15"><span class='ocrx_word' id='word_1_17' title='bbox 99 520 218 575; x_wconf 75' lang='lat' dir='ltr'>victoria</span> <span class='ocrx_word' id='word_1_18' title='bbox 237 529 322 590; x_wconf 87' lang='lat' dir='ltr'>atque</span> <span class='ocrx_word' id='word_1_19' title='bbox 348 519 422 575; x_wconf 88' lang='lat' dir='ltr'>exitu</span> <span class='ocrx_word' id='word_1_20' title='bbox 443 536 536 574; x_wconf 90' lang='lat' dir='ltr'>rerum</span> <span class='ocrx_word' id='word_1_21' title='bbox 558 521 663 575; x_wconf 89' lang='lat' dir='ltr'>sentire</span> <span class='ocrx_word' id='word_1_22' title='bbox 686 519 898 587; x_wconf 89' lang='lat' dir='ltr'>existimarent;</span> 
     </span>
    </p>
   </div>
   <div class='ocr_carea' id='block_1_3' title="bbox 99 600 899 1088">
    <p class='ocr_par' dir='ltr' id='par_1_3' title="bbox 99 600 899 822">
     <span class='ocr_line' id='line_1_5' title="bbox 100 600 896 669; baseline -0.001 -14"><span class='ocrx_word' id='word_1_23' title='bbox 100 618 152 656; x_wconf 92' lang='lat' dir='ltr'>nec</span> <span class='ocrx_word' id='word_1_24' title='bbox 165 600 260 657; x_wconf 75' lang='lat' dir='ltr'>mimis</span> <span class='ocrx_word' id='word_1_25' title='bbox 268 617 299 656; x_wconf 88' lang='lat' dir='ltr'>se</span> <span class='ocrx_word' id='word_1_26' title='bbox 311 601 349 656; x_wconf 94' lang='lat' dir='ltr'>ab</span> <span class='ocrx_word' id='word_1_27' title='bbox 361 603 450 657; x_wconf 92' lang='lat' dir='ltr'>milite</span> <span class='ocrx_word' id='word_1_28' title='bbox 459 601 631 656; x_wconf 87' lang='lat' dir='ltr'>modestiam</span> <span class='ocrx_word' id='word_1_29' title='bbox 644 611 672 656; x_wconf 91' lang='lat' dir='ltr'>et</span> <span class='ocrx_word' id='word_1_30' title='bbox 685 602 896 669; x_wconf 84' lang='lat' dir='ltr'>continentiam,</span> 
     </span>
     <span class='ocr_line' id='line_1_6' title="bbox 99 682 899 756; baseline -0.001 -17"><span class='ocrx_word' id='word_1_31' title='bbox 99 682 184 754; x_wconf 72' lang='lat' dir='ltr'>quiam</span> <span class='ocrx_word' id='word_1_32' title='bbox 196 686 328 740; x_wconf 91' lang='lat' dir='ltr'>virtutem</span> <span class='ocrx_word' id='word_1_33' title='bbox 340 694 425 756; x_wconf 90' lang='lat' dir='ltr'>atque</span> <span class='ocrx_word' id='word_1_34' title='bbox 432 685 520 739; x_wconf 90' lang='lat' dir='ltr'>animi</span> <span class='ocrx_word' id='word_1_35' title='bbox 530 684 763 754; x_wconf 85' lang='lat' dir='ltr'>magnitudinem,</span> <span class='ocrx_word' id='word_1_36' title='bbox 776 684 899 739; x_wconf 89' lang='lat' dir='ltr'>desider·</span> 
     </span>
     <span class='ocr_line' id='line_1_7' title="bbox 99 785 156 822; baseline 0.018 -1"><span class='ocrx_word' id='word_1_37' title='bbox 99 785 156 822; x_wconf 93' lang='lat' dir='ltr'>are.</span> 
     </span>
    </p>

    <p class='ocr_par' dir='ltr' id='par_1_4' title="bbox 99 849 897 1088">
     <span class='ocr_line' id='line_1_8' title="bbox 137 849 897 906; baseline -0.003 -1"><span class='ocrx_word' id='word_1_38' title='bbox 137 851 219 905; x_wconf 88' lang='lat' dir='ltr'><strong>LIII.</strong></span> <span class='ocrx_word' id='word_1_39' title='bbox 241 852 306 905; x_wconf 92' lang='lat' dir='ltr'>Hac</span> <span class='ocrx_word' id='word_1_40' title='bbox 328 851 426 906; x_wconf 75' lang='lat' dir='ltr'>habita</span> <span class='ocrx_word' id='word_1_41' title='bbox 451 849 588 906; x_wconf 90' lang='lat' dir='ltr'>concione</span> <span class='ocrx_word' id='word_1_42' title='bbox 611 859 640 905; x_wconf 92' lang='lat' dir='ltr'>et</span> <span class='ocrx_word' id='word_1_43' title='bbox 674 850 713 904; x_wconf 93' lang='lat' dir='ltr'>ad</span> <span class='ocrx_word' id='word_1_44' title='bbox 743 859 897 905; x_wconf 87' lang='lat' dir='ltr'>extremam</span> 
     </span>
     <span class='ocr_line' id='line_1_9' title="bbox 99 932 897 1004; baseline -0.005 -16"><span class='ocrx_word' id='word_1_45' title='bbox 99 934 254 1004; x_wconf 87' lang='lat' dir='ltr'>orationem</span> <span class='ocrx_word' id='word_1_46' title='bbox 262 933 434 988; x_wconf 89' lang='lat' dir='ltr'>confirmatis</span> <span class='ocrx_word' id='word_1_47' title='bbox 447 933 590 1000; x_wconf 88' lang='lat' dir='ltr'>militibus,</span> <span class='ocrx_word' id='word_1_48' title='bbox 601 949 636 987; x_wconf 92' lang='lat' dir='ltr'>ne</span> <span class='ocrx_word' id='word_1_49' title='bbox 648 932 686 986; x_wconf 94' lang='lat' dir='ltr'>ob</span> <span class='ocrx_word' id='word_1_50' title='bbox 694 933 769 987; x_wconf 91' lang='lat' dir='ltr'>hanc</span> <span class='ocrx_word' id='word_1_51' title='bbox 783 948 897 986; x_wconf 92' lang='lat' dir='ltr'>causam</span> 
     </span>
     <span class='ocr_line' id='line_1_10' title="bbox 100 1015 896 1088; baseline -0.004 -18"><span class='ocrx_word' id='word_1_52' title='bbox 100 1017 195 1072; x_wconf 89' lang='lat' dir='ltr'>animo</span> <span class='ocrx_word' id='word_1_53' title='bbox 217 1026 444 1088; x_wconf 90' lang='lat' dir='ltr'>permoverentur</span> <span class='ocrx_word' id='word_1_54' title='bbox 462 1033 525 1085; x_wconf 90' lang='lat' dir='ltr'>neu,</span> <span class='ocrx_word' id='word_1_55' title='bbox 538 1016 615 1087; x_wconf 93' lang='lat' dir='ltr'>quod</span> <span class='ocrx_word' id='word_1_56' title='bbox 635 1015 767 1086; x_wconf 90' lang='lat' dir='ltr'>iniquitas</span> <span class='ocrx_word' id='word_1_57' title='bbox 788 1015 842 1069; x_wconf 93' lang='lat' dir='ltr'>loci</span> <span class='ocrx_word' id='word_1_58' title='bbox 855 1023 896 1068; x_wconf 92' lang='lat' dir='ltr'>at-</span> 
     </span>
    </p>
   </div>
   <div class='ocr_carea' id='block_1_4' title="bbox 90 1097 904 2813">
    <p class='ocr_par' dir='ltr' id='par_1_5' title="bbox 94 1097 904 1987">
     <span class='ocr_line' id='line_1_11' title="bbox 98 1097 904 1167; baseline -0.002 -15"><span class='ocrx_word' id='word_1_59' title='bbox 98 1100 215 1167; x_wconf 90' lang='lat' dir='ltr'>tulisset,</span> <span class='ocrx_word' id='word_1_60' title='bbox 239 1099 268 1153; x_wconf 93' lang='lat' dir='ltr'>id</span> <span class='ocrx_word' id='word_1_61' title='bbox 286 1098 380 1153; x_wconf 90' lang='lat' dir='ltr'>virtuti</span> <span class='ocrx_word' id='word_1_62' title='bbox 407 1099 531 1153; x_wconf 89' lang='lat' dir='ltr'>hostium</span> <span class='ocrx_word' id='word_1_63' title='bbox 550 1098 713 1166; x_wconf 90' lang='lat' dir='ltr'>tribuerent,</span> <span class='ocrx_word' id='word_1_64' title='bbox 735 1097 835 1152; x_wconf 90' lang='lat' dir='ltr'>eadem</span> <span class='ocrx_word' id='word_1_65' title='bbox 860 1097 904 1150; x_wconf 80' lang='lat' dir='ltr'>de&#39;</span> 
     </span>
     <span class='ocr_line' id='line_1_12' title="bbox 97 1178 895 1250; baseline -0.001 -17"><span class='ocrx_word' id='word_1_66' title='bbox 97 1181 269 1249; x_wconf 85' lang='lat' dir='ltr'>profectione</span> <span class='ocrx_word' id='word_1_67' title='bbox 295 1182 431 1248; x_wconf 89' lang='lat' dir='ltr'>cogitans,</span> <span class='ocrx_word' id='word_1_68' title='bbox 450 1198 513 1250; x_wconf 88' lang='lat' dir='ltr'>quae</span> <span class='ocrx_word' id='word_1_69' title='bbox 531 1178 597 1234; x_wconf 75' lang='lat' dir='ltr'>ante</span> <span class='ocrx_word' id='word_1_70' title='bbox 617 1189 752 1247; x_wconf 90' lang='lat' dir='ltr'>senserat,</span> <span class='ocrx_word' id='word_1_71' title='bbox 771 1180 895 1248; x_wconf 89' lang='lat' dir='ltr'>legiones</span> 
     </span>
     <span class='ocr_line' id='line_1_13' title="bbox 98 1259 894 1332; baseline -0.001 -16"><span class='ocrx_word' id='word_1_72' title='bbox 98 1280 132 1316; x_wconf 89' lang='lat' dir='ltr'>ex</span> <span class='ocrx_word' id='word_1_73' title='bbox 143 1263 242 1316; x_wconf 91' lang='lat' dir='ltr'>castris</span> <span class='ocrx_word' id='word_1_74' title='bbox 261 1259 356 1316; x_wconf 88' lang='lat' dir='ltr'>eduxit</span> <span class='ocrx_word' id='word_1_75' title='bbox 369 1263 515 1332; x_wconf 86' lang='lat' dir='ltr'>aciemque</span> <span class='ocrx_word' id='word_1_76' title='bbox 538 1263 640 1316; x_wconf 91' lang='lat' dir='ltr'>idoneo</span> <span class='ocrx_word' id='word_1_77' title='bbox 659 1263 723 1315; x_wconf 93' lang='lat' dir='ltr'>loco</span> <span class='ocrx_word' id='word_1_78' title='bbox 743 1261 894 1315; x_wconf 82' lang='lat' dir='ltr'>constituit</span> 
     </span>
     <span class='ocr_line' id='line_1_14' title="bbox 99 1344 896 1414; baseline -0.001 -17"><span class='ocrx_word' id='word_1_79' title='bbox 99 1345 193 1413; x_wconf 82' lang='lat' dir='ltr'>Quum</span> <span class='ocrx_word' id='word_1_80' title='bbox 205 1344 415 1412; x_wconf 82' lang='lat' dir='ltr'>Vercingetorix</span> <span class='ocrx_word' id='word_1_81' title='bbox 434 1345 520 1397; x_wconf 91' lang='lat' dir='ltr'>nihilo</span> <span class='ocrx_word' id='word_1_82' title='bbox 534 1345 623 1412; x_wconf 88' lang='lat' dir='ltr'>magis</span> <span class='ocrx_word' id='word_1_83' title='bbox 637 1345 665 1397; x_wconf 92' lang='lat' dir='ltr'>in</span> <span class='ocrx_word' id='word_1_84' title='bbox 678 1360 791 1414; x_wconf 85' lang='lat' dir='ltr'>aequum</span> <span class='ocrx_word' id='word_1_85' title='bbox 802 1344 896 1398; x_wconf 92' lang='lat' dir='ltr'>locum</span> 
     </span>
     <span class='ocr_line' id='line_1_15' title="bbox 98 1424 896 1497; baseline 0 -17"><span class='ocrx_word' id='word_1_86' title='bbox 98 1425 290 1491; x_wconf 90' lang='lat' dir='ltr'>descenderet,</span> <span class='ocrx_word' id='word_1_87' title='bbox 310 1426 365 1480; x_wconf 90' lang='lat' dir='ltr'>levi</span> <span class='ocrx_word' id='word_1_88' title='bbox 383 1424 457 1480; x_wconf 81' lang='lat' dir='ltr'>facto</span> <span class='ocrx_word' id='word_1_89' title='bbox 476 1427 597 1497; x_wconf 89' lang='lat' dir='ltr'>equestri</span> <span class='ocrx_word' id='word_1_90' title='bbox 616 1427 716 1496; x_wconf 89' lang='lat' dir='ltr'>proeli0</span> <span class='ocrx_word' id='word_1_91' title='bbox 734 1437 818 1495; x_wconf 93' lang='lat' dir='ltr'>atque</span> <span class='ocrx_word' id='word_1_92' title='bbox 837 1442 896 1480; x_wconf 91' lang='lat' dir='ltr'>sec·</span> 
     </span>
     <span class='ocr_line' id='line_1_16' title="bbox 96 1507 896 1577; baseline 0 -15"><span class='ocrx_word' id='word_1_93' title='bbox 96 1509 182 1575; x_wconf 90' lang='lat' dir='ltr'>undo,</span> <span class='ocrx_word' id='word_1_94' title='bbox 191 1507 220 1561; x_wconf 91' lang='lat' dir='ltr'>in</span> <span class='ocrx_word' id='word_1_95' title='bbox 233 1517 326 1562; x_wconf 88' lang='lat' dir='ltr'>castra</span> <span class='ocrx_word' id='word_1_96' title='bbox 338 1509 490 1563; x_wconf 89' lang='lat' dir='ltr'>exercitum</span> <span class='ocrx_word' id='word_1_97' title='bbox 504 1508 621 1564; x_wconf 89' lang='lat' dir='ltr'>reduxit.</span> <span class='ocrx_word' id='word_1_98' title='bbox 654 1510 747 1577; x_wconf 82' lang='lat' dir='ltr'>Quum</span> <span class='ocrx_word' id='word_1_99' title='bbox 757 1509 810 1562; x_wconf 94' lang='lat' dir='ltr'>hoc</span> <span class='ocrx_word' id='word_1_100' title='bbox 820 1508 896 1563; x_wconf 91' lang='lat' dir='ltr'>idem</span> 
     </span>
     <span class='ocr_line' id='line_1_17' title="bbox 96 1589 895 1662; baseline 0 -17"><span class='ocrx_word' id='word_1_101' title='bbox 96 1602 208 1662; x_wconf 90' lang='lat' dir='ltr'>postero</span> <span class='ocrx_word' id='word_1_102' title='bbox 233 1591 278 1645; x_wconf 93' lang='lat' dir='ltr'>die</span> <span class='ocrx_word' id='word_1_103' title='bbox 302 1589 424 1656; x_wconf 87' lang='lat' dir='ltr'>fecisset,</span> <span class='ocrx_word' id='word_1_104' title='bbox 447 1590 515 1647; x_wconf 85' lang='lat' dir='ltr'>satis</span> <span class='ocrx_word' id='word_1_105' title='bbox 544 1592 581 1646; x_wconf 93' lang='lat' dir='ltr'>ad</span> <span class='ocrx_word' id='word_1_106' title='bbox 608 1592 746 1646; x_wconf 90' lang='lat' dir='ltr'>Gallicam</span> <span class='ocrx_word' id='word_1_107' title='bbox 771 1601 895 1646; x_wconf 89' lang='lat' dir='ltr'>ostenta·</span> 
     </span>
     <span class='ocr_line' id='line_1_18' title="bbox 96 1674 894 1744; baseline -0.003 -15"><span class='ocrx_word' id='word_1_108' title='bbox 96 1676 201 1729; x_wconf 90' lang='lat' dir='ltr'>tionem</span> <span class='ocrx_word' id='word_1_109' title='bbox 224 1674 407 1729; x_wconf 89' lang='lat' dir='ltr'>minuendam</span> <span class='ocrx_word' id='word_1_110' title='bbox 431 1675 606 1744; x_wconf 91' lang='lat' dir='ltr'>militumque</span> <span class='ocrx_word' id='word_1_111' title='bbox 631 1675 740 1728; x_wconf 90' lang='lat' dir='ltr'>animos</span> <span class='ocrx_word' id='word_1_112' title='bbox 766 1674 894 1728; x_wconf 89' lang='lat' dir='ltr'>confirm·</span> 
     </span>
     <span class='ocr_line' id='line_1_19' title="bbox 95 1756 893 1810; baseline 0 -1"><span class='ocrx_word' id='word_1_113' title='bbox 95 1757 185 1810; x_wconf 91' lang='lat' dir='ltr'>andos</span> <span class='ocrx_word' id='word_1_114' title='bbox 204 1756 309 1810; x_wconf 86' lang='lat' dir='ltr'>factum</span> <span class='ocrx_word' id='word_1_115' title='bbox 328 1757 492 1810; x_wconf 85' lang='lat' dir='ltr'>existimans</span> <span class='ocrx_word' id='word_1_116' title='bbox 511 1757 540 1809; x_wconf 93' lang='lat' dir='ltr'>in</span> <span class='ocrx_word' id='word_1_117' title='bbox 558 1756 669 1810; x_wconf 91' lang='lat' dir='ltr'>AEduos</span> <span class='ocrx_word' id='word_1_118' title='bbox 686 1756 774 1810; x_wconf 94' lang='lat' dir='ltr'>movit</span> <span class='ocrx_word' id='word_1_119' title='bbox 793 1766 893 1810; x_wconf 90' lang='lat' dir='ltr'>castra.</span> 
     </span>
     <span class='ocr_line' id='line_1_20' title="bbox 97 1836 894 1907; baseline 0.001 -16"><span class='ocrx_word' id='word_1_120' title='bbox 97 1839 210 1891; x_wconf 90' lang='lat' dir='ltr'>Netum</span> <span class='ocrx_word' id='word_1_121' title='bbox 220 1836 334 1906; x_wconf 91' lang='lat' dir='ltr'>quidem</span> <span class='ocrx_word' id='word_1_122' title='bbox 343 1838 498 1907; x_wconf 92' lang='lat' dir='ltr'>insequutis</span> <span class='ocrx_word' id='word_1_123' title='bbox 508 1839 646 1901; x_wconf 91' lang='lat' dir='ltr'>hostibus,</span> <span class='ocrx_word' id='word_1_124' title='bbox 656 1840 736 1894; x_wconf 89' lang='lat' dir='ltr'>tertio</span> <span class='ocrx_word' id='word_1_125' title='bbox 744 1839 791 1893; x_wconf 91' lang='lat' dir='ltr'>die</span> <span class='ocrx_word' id='word_1_126' title='bbox 799 1839 836 1892; x_wconf 92' lang='lat' dir='ltr'>ad</span> <span class='ocrx_word' id='word_1_127' title='bbox 844 1838 894 1892; x_wconf 91' lang='lat' dir='ltr'>flu-</span> 
     </span>
     <span class='ocr_line' id='line_1_21' title="bbox 94 1916 889 1987; baseline 0.005 -16"><span class='ocrx_word' id='word_1_128' title='bbox 94 1935 159 1972; x_wconf 90' lang='lat' dir='ltr'>men</span> <span class='ocrx_word' id='word_1_129' title='bbox 173 1918 274 1971; x_wconf 89' lang='lat' dir='ltr'>Elaver</span> <span class='ocrx_word' id='word_1_130' title='bbox 286 1927 386 1987; x_wconf 87' lang='lat' dir='ltr'>pontes</span> <span class='ocrx_word' id='word_1_131' title='bbox 399 1917 487 1972; x_wconf 92' lang='lat' dir='ltr'>reficit</span> <span class='ocrx_word' id='word_1_132' title='bbox 495 1916 585 1987; x_wconf 78' lang='lat' dir='ltr'>eoque</span> <span class='ocrx_word' id='word_1_133' title='bbox 597 1921 749 1974; x_wconf 89' lang='lat' dir='ltr'>exercitum</span> <span class='ocrx_word' id='word_1_134' title='bbox 761 1921 889 1975; x_wconf 90' lang='lat' dir='ltr'>traducit.</span> 
     </span>
    </p>

    <p class='ocr_par' dir='ltr' id='par_1_6' title="bbox 90 1999 892 2813">
     <span class='ocr_line' id='line_1_22' title="bbox 131 1999 892 2072; baseline 0.004 -19"><span class='ocrx_word' id='word_1_135' title='bbox 131 2000 204 2054; x_wconf 93' lang='lat' dir='ltr'><strong>LIV.</strong></span> <span class='ocrx_word' id='word_1_136' title='bbox 226 1999 269 2053; x_wconf 90' lang='lat' dir='ltr'>Ibi</span> <span class='ocrx_word' id='word_1_137' title='bbox 280 1999 482 2055; x_wconf 91' lang='lat' dir='ltr'>aViridomaro</span> <span class='ocrx_word' id='word_1_138' title='bbox 490 2009 574 2071; x_wconf 90' lang='lat' dir='ltr'>atque</span> <span class='ocrx_word' id='word_1_139' title='bbox 588 2003 779 2072; x_wconf 88' lang='lat' dir='ltr'>Eporedorige</span> <span class='ocrx_word' id='word_1_140' title='bbox 791 2004 892 2057; x_wconf 82' lang='lat' dir='ltr'>AEduIs</span> 
     </span>
     <span class='ocr_line' id='line_1_23' title="bbox 98 2082 892 2153; baseline 0.003 -17"><span class='ocrx_word' id='word_1_141' title='bbox 98 2083 257 2151; x_wconf 88' lang='lat' dir='ltr'>appellatus</span> <span class='ocrx_word' id='word_1_142' title='bbox 276 2082 360 2136; x_wconf 89' lang='lat' dir='ltr'>discit</span> <span class='ocrx_word' id='word_1_143' title='bbox 382 2099 447 2136; x_wconf 94' lang='lat' dir='ltr'>cum</span> <span class='ocrx_word' id='word_1_144' title='bbox 470 2084 547 2136; x_wconf 90' lang='lat' dir='ltr'>omni</span> <span class='ocrx_word' id='word_1_145' title='bbox 569 2083 696 2153; x_wconf 92' lang='lat' dir='ltr'>equitatu</span> <span class='ocrx_word' id='word_1_146' title='bbox 720 2085 892 2138; x_wconf 89' lang='lat' dir='ltr'>Litaviccum</span> 
     </span>
     <span class='ocr_line' id='line_1_24' title="bbox 94 2164 891 2237; baseline 0.003 -19"><span class='ocrx_word' id='word_1_147' title='bbox 94 2166 131 2219; x_wconf 90' lang='lat' dir='ltr'>ad</span> <span class='ocrx_word' id='word_1_148' title='bbox 144 2164 336 2219; x_wconf 90' lang='lat' dir='ltr'>sollicitandos</span> <span class='ocrx_word' id='word_1_149' title='bbox 349 2166 459 2219; x_wconf 93' lang='lat' dir='ltr'>AEduos</span> <span class='ocrx_word' id='word_1_150' title='bbox 469 2165 625 2234; x_wconf 83' lang='lat' dir='ltr'>profectum</span> <span class='ocrx_word' id='word_1_151' title='bbox 637 2187 645 2233; x_wconf 87' lang='lat'>;</span> <span class='ocrx_word' id='word_1_152' title='bbox 665 2184 734 2237; x_wconf 92' lang='lat' dir='ltr'>opus</span> <span class='ocrx_word' id='word_1_153' title='bbox 743 2185 805 2222; x_wconf 89' lang='lat' dir='ltr'>esse</span> <span class='ocrx_word' id='word_1_154' title='bbox 814 2169 891 2236; x_wconf 92' lang='lat' dir='ltr'>ipsos</span> 
     </span>
     <span class='ocr_line' id='line_1_25' title="bbox 92 2250 890 2307; baseline -0.001 -1"><span class='ocrx_word' id='word_1_155' title='bbox 92 2251 258 2307; x_wconf 89' lang='lat' dir='ltr'>antecedere</span> <span class='ocrx_word' id='word_1_156' title='bbox 271 2251 308 2305; x_wconf 88' lang='lat' dir='ltr'>ad</span> <span class='ocrx_word' id='word_1_157' title='bbox 321 2250 545 2305; x_wconf 88' lang='lat' dir='ltr'>confirmandam</span> <span class='ocrx_word' id='word_1_158' title='bbox 556 2251 706 2307; x_wconf 89' lang='lat' dir='ltr'>civitatem.</span> <span class='ocrx_word' id='word_1_159' title='bbox 745 2253 807 2307; x_wconf 89' lang='lat' dir='ltr'>Etsi</span> <span class='ocrx_word' id='word_1_160' title='bbox 819 2253 890 2306; x_wconf 91' lang='lat' dir='ltr'>mul·</span> 
     </span>
     <span class='ocr_line' id='line_1_26' title="bbox 92 2334 890 2404; baseline -0.004 -15"><span class='ocrx_word' id='word_1_161' title='bbox 92 2337 127 2390; x_wconf 89' lang='lat' dir='ltr'>tis</span> <span class='ocrx_word' id='word_1_162' title='bbox 148 2335 210 2403; x_wconf 89' lang='lat' dir='ltr'>jam</span> <span class='ocrx_word' id='word_1_163' title='bbox 233 2335 319 2388; x_wconf 91' lang='lat' dir='ltr'>rebus</span> <span class='ocrx_word' id='word_1_164' title='bbox 350 2334 499 2403; x_wconf 88' lang='lat' dir='ltr'>perfidiam</span> <span class='ocrx_word' id='word_1_165' title='bbox 523 2334 683 2388; x_wconf 93' lang='lat' dir='ltr'>AEduorum</span> <span class='ocrx_word' id='word_1_166' title='bbox 712 2343 890 2404; x_wconf 89' lang='lat' dir='ltr'>perspectam</span> 
     </span>
     <span class='ocr_line' id='line_1_27' title="bbox 91 2415 889 2486; baseline -0.004 -15"><span class='ocrx_word' id='word_1_167' title='bbox 91 2418 223 2484; x_wconf 89' lang='lat' dir='ltr'>habebat,</span> <span class='ocrx_word' id='word_1_168' title='bbox 243 2427 328 2486; x_wconf 89' lang='lat' dir='ltr'>atque</span> <span class='ocrx_word' id='word_1_169' title='bbox 349 2417 448 2470; x_wconf 92' lang='lat' dir='ltr'>horum</span> <span class='ocrx_word' id='word_1_170' title='bbox 463 2415 589 2470; x_wconf 91' lang='lat' dir='ltr'>discessu</span> <span class='ocrx_word' id='word_1_171' title='bbox 614 2417 785 2471; x_wconf 90' lang='lat' dir='ltr'>admaturari</span> <span class='ocrx_word' id='word_1_172' title='bbox 798 2416 889 2469; x_wconf 83' lang='lat' dir='ltr'>defec-</span> 
     </span>
     <span class='ocr_line' id='line_1_28' title="bbox 91 2497 888 2567; baseline -0.001 -14"><span class='ocrx_word' id='word_1_173' title='bbox 91 2501 196 2553; x_wconf 91' lang='lat' dir='ltr'>tionem</span> <span class='ocrx_word' id='word_1_174' title='bbox 209 2499 330 2553; x_wconf 88' lang='lat' dir='ltr'>civitatis</span> <span class='ocrx_word' id='word_1_175' title='bbox 343 2498 533 2567; x_wconf 87' lang='lat' dir='ltr'>existimabat,</span> <span class='ocrx_word' id='word_1_176' title='bbox 552 2508 647 2554; x_wconf 91' lang='lat' dir='ltr'>tamen</span> <span class='ocrx_word' id='word_1_177' title='bbox 660 2515 708 2553; x_wconf 94' lang='lat' dir='ltr'>eos</span> <span class='ocrx_word' id='word_1_178' title='bbox 727 2497 888 2552; x_wconf 89' lang='lat' dir='ltr'>retinendos</span> 
     </span>
     <span class='ocr_line' id='line_1_29' title="bbox 91 2579 889 2650; baseline -0.004 -15"><span class='ocrx_word' id='word_1_179' title='bbox 91 2599 147 2636; x_wconf 89' lang='lat' dir='ltr'>non</span> <span class='ocrx_word' id='word_1_180' title='bbox 167 2579 324 2648; x_wconf 87' lang='lat' dir='ltr'>constituit,</span> <span class='ocrx_word' id='word_1_181' title='bbox 345 2597 380 2634; x_wconf 92' lang='lat' dir='ltr'>ne</span> <span class='ocrx_word' id='word_1_182' title='bbox 404 2589 453 2633; x_wconf 92' lang='lat' dir='ltr'>aut</span> <span class='ocrx_word' id='word_1_183' title='bbox 475 2580 576 2635; x_wconf 86' lang='lat' dir='ltr'>inferre</span> <span class='ocrx_word' id='word_1_184' title='bbox 595 2582 725 2650; x_wconf 86' lang='lat' dir='ltr'>iujuriam</span> <span class='ocrx_word' id='word_1_185' title='bbox 749 2580 889 2634; x_wconf 92' lang='lat' dir='ltr'>videretur</span> 
     </span>
     <span class='ocr_line' id='line_1_30' title="bbox 90 2661 887 2731; baseline 0.001 -16"><span class='ocrx_word' id='word_1_186' title='bbox 90 2672 138 2716; x_wconf 89' lang='lat' dir='ltr'>aut</span> <span class='ocrx_word' id='word_1_187' title='bbox 149 2665 215 2719; x_wconf 88' lang='lat' dir='ltr'>dare</span> <span class='ocrx_word' id='word_1_188' title='bbox 227 2662 335 2717; x_wconf 89' lang='lat' dir='ltr'>timoris</span> <span class='ocrx_word' id='word_1_189' title='bbox 349 2661 474 2731; x_wconf 89' lang='lat' dir='ltr'>aliquam</span> <span class='ocrx_word' id='word_1_190' title='bbox 484 2662 683 2731; x_wconf 91' lang='lat' dir='ltr'>suspicionem.</span> <span class='ocrx_word' id='word_1_191' title='bbox 721 2661 887 2716; x_wconf 87' lang='lat' dir='ltr'>Discedent-</span> 
     </span>
     <span class='ocr_line' id='line_1_31' title="bbox 90 2742 886 2813; baseline -0.001 -15"><span class='ocrx_word' id='word_1_192' title='bbox 90 2742 152 2798; x_wconf 91' lang='lat' dir='ltr'>ibus</span> <span class='ocrx_word' id='word_1_193' title='bbox 172 2744 218 2797; x_wconf 90' lang='lat' dir='ltr'>his</span> <span class='ocrx_word' id='word_1_194' title='bbox 237 2743 358 2799; x_wconf 85' lang='lat' dir='ltr'>breviter</span> <span class='ocrx_word' id='word_1_195' title='bbox 378 2759 430 2796; x_wconf 84' lang='lat' dir='ltr'>sua</span> <span class='ocrx_word' id='word_1_196' title='bbox 449 2742 479 2803; x_wconf 83' lang='lat' dir='ltr'>in</span> <span class='ocrx_word' id='word_1_197' title='bbox 493 2744 604 2798; x_wconf 88' lang='lat' dir='ltr'>AEduos</span> <span class='ocrx_word' id='word_1_198' title='bbox 623 2743 723 2798; x_wconf 89' lang='lat' dir='ltr'>merita</span> <span class='ocrx_word' id='word_1_199' title='bbox 742 2743 868 2813; x_wconf 87' lang='lat' dir='ltr'>exposuit</span> <span class='ocrx_word' id='word_1_200' title='bbox 878 2763 886 2810; x_wconf 81' lang='lat'>3</span> 
     </span>
    </p>
   </div>
   <div class='ocr_carea' id='block_1_5' title="bbox 183 2944 333 2974">
    <p class='ocr_par' dir='ltr' id='par_1_7' title="bbox 183 2944 333 2974">
     <span class='ocr_line' id='line_1_32' title="bbox 183 2944 333 2974; baseline 0.013 -1"><span class='ocrx_word' id='word_1_201' title='bbox 183 2967 187 2973; x_wconf 88' lang='lat'><em>.</em></span> <span class='ocrx_word' id='word_1_202' title='bbox 216 2944 333 2974; x_wconf 55' lang='grc' dir='ltr'><strong>Α</strong></span> 
     </span>
    </p>
   </div>
   <div class='ocr_carea' id='block_1_6' title="bbox 0 0 1002 3144">
    <p class='ocr_par' dir='ltr' id='par_1_8' title="bbox 0 0 1002 3144">
     <span class='ocr_line' id='line_1_33' title="bbox 0 0 1002 3144; baseline 0 2"><span class='ocrx_word' id='word_1_203' title='bbox 0 0 1002 3144; x_wconf 95' lang='lat' dir='ltr'> </span> 
     </span>
    </p>
   </div>
  </div>
 </body>
</html>
