1996 3144
164 232 225 286 DE
241 225 376 284 narro
396 225 676 290 carricatis.
700 208 764 286 Vir.
834 245 867 301 59

68 370 183 439 clamor,
202 371 249 440 qui
262 375 327 438 post
339 375 448 436 tergum
460 368 653 436 pugnantibus
664 371 778 440 exstitit,
791 370 868 441 qubd

65 469 149 507 suum
161 453 314 523 periculum
333 451 363 504 in
385 449 478 504 aliena
489 450 587 505 vident
605 451 695 506 salute
715 463 866 518 constare;

64 535 162 590 omnia
174 535 250 589 enim
262 534 434 603 plemmque,
454 548 519 601 quae
541 532 653 600 absunt,
668 534 863 590 vehementibs

65 617 213 673 hominum
226 622 334 672 mentes
346 615 519 684 perturbant.

100 701 245 755 LXXXV.
272 700 367 753 Caesar
385 698 520 752 idoneum
541 698 636 752 locum
665 709 775 768 nactus,
796 702 866 770 quid

64 787 176 851 quaque
196 797 229 835 ex
244 788 323 849 parte
344 787 466 848 geratur,
477 780 625 848 cognoscit
639 801 646 846 ;
671 781 866 836 laborantibus

65 863 212 918 submittit
251 863 388 932 Utrisque
408 861 446 914 ad
471 863 599 916 animum
624 864 754 931 occurrit,
779 881 866 918 unum

64 962 129 1000 esse
140 945 207 1001 illud
221 953 340 1014 tempus,
354 960 409 1014 quo
423 943 544 998 maximia
563 947 696 1000 contendi
707 947 866 1000 conveniat:

67 1031 150 1098 Galli,
169 1031 223 1085 nisi
241 1031 424 1102 perfregerint
437 1030 617 1093 munitiones
630 1032 666 1084 de
685 1033 761 1085 omni
776 1034 865 1086 salute

65 1115 217 1184 desperant
228 1135 236 1182 ;
268 1113 400 1180 Romani,
426 1111 450 1164 si
476 1130 535 1165 rem
569 1113 752 1183 obtinuerint,
780 1116 864 1168 finem

63 1197 194 1251 laborum
215 1195 341 1250 omnium
359 1204 532 1263 exspectant.
571 1195 695 1251 Maxime
715 1199 752 1250 ad
770 1216 865 1267 super·

64 1279 139 1334 iores
151 1279 320 1333 munitiones
334 1277 487 1340 laboratur,
501 1275 557 1347 qui>
569 1280 863 1335 Vercassivellaunum

64 1362 183 1417 missum
195 1360 456 1417 demonstravimus.
496 1361 627 1430 Iniquum
644 1363 699 1416 loci
712 1364 749 1417 ad
761 1364 865 1419 decliv-

62 1445 163 1500 itatem
175 1445 318 1513 fastigium
336 1461 471 1513 magnum
490 1444 576 1498 habet
588 1456 771 1502 momentum.
808 1447 864 1500 Alii

63 1529 123 1584 tela
140 1528 301 1597 conjiciunt,
320 1529 367 1582 alii
391 1528 532 1582 testudine
549 1529 625 1582 iacta
650 1530 790 1595 subeunt;
816 1530 864 1583 de·

63 1612 190 1680 fatigatis
217 1612 245 1665 in
268 1610 361 1665 vicem
380 1609 481 1677 integri
507 1612 671 1665 succedunt.
709 1613 803 1680 Agger
826 1614 863 1666 ab

63 1694 202 1750 universis
216 1694 243 1746 in
255 1693 443 1748 munitionem
456 1693 599 1762 conjectus
613 1704 642 1747 et
654 1710 803 1748 ascensum
816 1695 865 1748 dat

64 1776 163 1843 Gallis,
186 1785 213 1830 et
232 1793 273 1839 ea,
291 1787 355 1846 quae
373 1774 401 1828 in
423 1783 497 1830 terra
509 1776 717 1830 occultaverant
732 1776 863 1842 Romani,

63 1859 188 1928 contegit
200 1878 208 1925 ;
227 1876 279 1914 nec
286 1860 346 1928 jam
359 1875 438 1913 arma
446 1858 552 1913 nostris
560 1876 612 1912 nec
623 1859 695 1914 vires
704 1868 862 1929 suppetunt.

101 1943 262 1996 LXXXVI.
282 1943 337 1995 His
350 1942 433 1997 rebus
446 1941 576 2010 cognitis,
590 1943 686 1996 Caesar
707 1943 862 1998 Labienum

63 2042 130 2082 cum
141 2026 303 2081 cohortibus
326 2043 375 2080 sex
393 2024 520 2079 subsidio
542 2025 736 2078 laborantibus
757 2025 863 2092 mittit;

62 2111 191 2179 imperat,
205 2108 229 2162 si
251 2109 388 2163 sustinere
407 2125 464 2162 non
487 2116 591 2178 posset,
614 2108 741 2163 deductis
755 2109 863 2162 cohort-

62 2191 137 2260 ibus,
161 2192 307 2263 eruptione
335 2201 491 2262 pugnaret;
520 2192 549 2245 id
568 2192 623 2246 nisi
648 2191 806 2247 necessario
828 2209 864 2246 ne

62 2275 159 2331 t'aciat.
197 2278 262 2347 Ipse
282 2276 342 2329 adit
365 2277 509 2346 reliquos;
529 2275 697 2341 cohortatur,
718 2291 754 2328 ne
775 2274 864 2328 labori

63 2359 268 2425 suoeumbant3
298 2359 424 2412 omnium
449 2359 623 2429 superiorum
649 2357 864 2411 dimicationum

62 2442 186 2497 fructum
205 2443 234 2496 in
259 2457 293 2497 eo
318 2441 364 2495 die
390 2450 474 2511 atque
499 2442 569 2495 hora
594 2441 676 2494 docet
704 2439 864 2494 consistere.

64 2525 223 2591 Interiores,
254 2525 410 2594 desperatis
439 2524 644 2594 campestribus
664 2524 733 2576 locis
752 2531 866 2590 propter

62 2608 286 2678 magnitudinem
318 2609 515 2674 munitionum,
553 2609 616 2660 loca
653 2614 795 2674 praerupta
831 2621 865 2659 ex
947 2675 950 2681 ι

62 2708 182 2746 ascensu
191 2700 300 2746 tentant
311 2711 317 2755 ;
331 2693 386 2745 huc
400 2708 441 2758 ea,
452 2709 515 2762 quae
525 2701 700 2761 paraverant,
711 2688 865 2743 conferunt.

64 2774 246 2828 Multitudine
260 2775 379 2828 telorum
397 2792 431 2828 ex
444 2775 567 2830 turribus
590 2782 805 2841 propugnantes
817 2774 868 2824 de·
