1996 3144
91 246 123 297 28
305 244 333 296 c.
354 243 471 311 JULIJ
490 243 676 296 CAEsnms

124 384 186 438 XL.
219 384 326 451 Magna
350 382 466 436 allectus
491 381 677 437 sollicitudine
701 383 756 438 hoc
785 383 885 439 nuntio

91 466 194 528 Caesar,
216 464 291 534 qubd
313 480 423 533 semper
443 465 602 520 AEduorum
617 465 723 520 civitati
745 465 885 536 praecipub

91 547 254 616 indulserat,
268 547 346 600 nulla
365 546 532 615 interposita
551 548 736 616 dubitatione,
755 548 881 617 legiones

91 629 235 696 expeditas
249 639 369 699 quatuor
380 629 592 699 equitatumque
605 646 719 684 omnem
737 648 771 685 ex
783 631 883 685 castris

91 711 191 778 educit,
204 727 255 765 nec
274 711 326 765 fuit
345 711 467 781 spatium
489 711 537 765 tali
557 722 683 779 tempore
702 713 738 765 ad
759 712 887 766 contrah-

90 793 165 846 enda
177 802 277 860 castra,
291 790 368 862 qubd
377 809 421 846 res
430 792 522 862 posita
530 793 558 846 in
574 794 715 848 celeritate
723 794 870 848 videbatur
878 814 886 860 ;

92 874 194 929 Gaium
220 876 341 929 Fabium
360 877 483 944 legatum
503 893 568 929 curn
595 876 752 944 legionibus
779 877 888 930 duabus

91 957 189 1011 castris
202 957 334 1027 praesidio
348 957 488 1027 relinquit.
525 959 638 1012 Fratres
654 958 788 1014 Litavicci
801 977 888 1030 quum

90 1040 291 1109 comprehendi
301 1041 439 1110 jussisset,
456 1037 540 1110 paulo
553 1038 618 1095 ante
630 1043 731 1110 reperit
745 1041 780 1094 ad
792 1041 888 1096 hostes

90 1119 204 1189 fugisse.
241 1123 415 1178 Adhortatus
428 1124 529 1177 milites
542 1140 578 1178 ne
590 1125 749 1178 necessario
763 1134 888 1193 tempore

90 1203 197 1257 itineris
206 1205 302 1258 labore
313 1215 537 1274 permoveantur,
548 1206 737 1274 cupidissimis
748 1206 887 1268 omnibus,

90 1301 254 1352 progressus
274 1285 365 1338 millia
383 1301 519 1354 passuum
531 1287 629 1354 viginti
642 1287 772 1356 quinquo,
786 1303 887 1354 agmen

90 1366 249 1419 AEduorum
258 1366 445 1436 conspicatus,
455 1366 581 1421 immisso
590 1368 724 1437 equitatu,
734 1369 786 1421 iter
794 1383 888 1422 eorum

90 1458 215 1503 moratur
233 1459 318 1518 atque
337 1448 462 1516 impedit,
482 1449 679 1518 interdicitque
699 1449 830 1504 omnibus
852 1465 888 1502 ne

91 1547 263 1601 quemquam
281 1531 457 1586 interficiant.
495 1531 717 1601 Eporedorigem
736 1541 764 1586 et
777 1532 887 1586 Virido-

90 1631 208 1683 marum,
234 1630 304 1684 quos
329 1614 370 1668 illi
394 1613 556 1670 interfectos
584 1614 792 1684 existimabant,
818 1616 890 1670 inter

90 1698 198 1765 equites
219 1698 324 1750 versari
344 1712 466 1766 suosque
479 1697 621 1766 appellare
636 1697 723 1766 jubet.
762 1698 816 1750 His
840 1713 885 1750 co-

90 1778 176 1844 gnitis
196 1788 223 1831 et
246 1777 380 1831 Litavicci
392 1778 490 1832 fraude
509 1787 667 1846 perspecta,
680 1778 767 1831 AEdui
786 1785 886 1832 maniis

90 1859 213 1926 tendere,
226 1858 400 1913 deditionem
421 1859 588 1928 significare,
601 1868 637 1927 et,
650 1859 781 1928 projectis
794 1862 888 1924 armis

90 1949 210 1995 mortem
223 1941 367 2009 deprecari
382 1941 527 2010 incipiunt.
566 1941 724 1996 Litaviccus
744 1959 809 1995 cum
830 1944 887 1997 suis

89 2024 246 2091 clientibus,
260 2023 361 2093 quibus
374 2040 451 2077 more
466 2024 611 2077 Gallorum
623 2023 701 2077 nefas
715 2034 757 2078 est
765 2025 851 2078 etiam
860 2027 888 2078 in

89 2113 214 2160 extrema
226 2106 338 2160 fortuna
351 2105 479 2161 deserere
491 2116 634 2174 patronos,
645 2105 815 2173 Gergoviam
825 2124 887 2177 pro·

89 2192 168 2260 fugit.

125 2276 203 2329 XLI.
227 2269 323 2329 Caesar
335 2273 440 2330 nuntiis
451 2274 487 2328 ad
498 2274 639 2329 civitatem
652 2276 810 2329 AEduorum
822 2275 888 2330 mis-

89 2357 136 2425 sis,
155 2359 202 2428 qui
224 2374 274 2412 suo
295 2358 433 2412 beneficio
453 2366 633 2412 conservatos
656 2359 798 2426 docerent,
817 2376 887 2429 quos

86 2440 149 2509 jure
176 2440 243 2495 belli
274 2442 432 2495 interficere
462 2441 607 2510 potuisset,
639 2442 782 2511 tribusque
813 2441 890 2494 horis

89 2520 206 2593 [noctis]
234 2523 365 2577 exercitui
397 2523 434 2575 ad
465 2525 588 2591 quietem
618 2523 701 2589 datis,
732 2532 826 2576 castra
851 2522 888 2575 ad

91 2607 262 2675 Gergoviam
280 2607 377 2661 movit.
416 2606 513 2660 Medio
536 2606 592 2661 fere
616 2607 716 2662 itinere
739 2606 847 2676 equites
872 2622 889 2660 a

67 2713 72 2722 ·
91 2690 181 2744 Fabio
189 2690 277 2758 missi,
290 2700 397 2759 quanto
409 2705 454 2744 res
467 2689 496 2742 in
508 2691 631 2758 periculo
639 2691 729 2756 fuerit,
737 2697 887 2757 exponunt.

91 2773 311 2838 Summiscopiis
319 2781 581 2842 castraoppuguata
591 2771 792 2837 demonstrant,
802 2787 888 2840 quum
