1996 3144
170 228 231 284 DE
248 223 384 285 astro
403 229 589 300 GALLICO,
608 233 688 288 rra.
713 235 781 288 νη.
841 251 877 306 49

72 383 186 437 omnes,
198 384 269 440 quas
282 384 334 440 pro
354 371 461 442 oppido
480 372 677 441 collocaverat,
690 374 720 427 in
740 375 876 445 oppidum

71 451 189 520 recepit.
229 452 284 506 His
305 453 460 508 rationibus
474 454 578 509 auxilia
592 456 693 511 Galliae
712 467 876 530 exspectare

71 543 101 589 et
115 534 220 588 bellum
233 541 314 603 parat
326 534 533 591 administrare.

76 660 79 664 ,
111 616 236 670 LXXII.
257 615 366 684 Quibus
396 615 479 670 rebus
500 616 620 686 cognitis
642 633 676 672 ex
696 618 821 689 perfugis
843 633 872 679 et

72 697 202 768 captivis,
225 699 321 752 Caesar
344 699 406 752 haec
424 713 530 766 genera
553 700 718 755 munitionis
743 703 874 759 instituit.

72 782 195 835 Fossam
215 779 321 850 pedum
333 780 431 849 viginti
445 781 559 835 directis
580 781 714 838 lateribus
734 783 822 854 duxit,
841 795 873 840 ut

73 864 132 934 ejus
163 863 248 918 fossae
278 863 369 917 solum
393 863 561 917 tantundem
585 873 702 933 pateret,
733 877 872 935 quantum

73 961 191 1000 summae
199 945 284 1000 fossae
293 946 372 1000 labra
380 945 527 1000 distarent.
542 946 676 1015 Reliquas
685 964 783 1002 omnes
792 966 873 1003 mun·

72 1030 173 1084 itiones
182 1029 218 1082 ab
230 1034 264 1082 ea
276 1027 353 1082 sossi
365 1027 452 1096 pedes
464 1028 686 1097 quadringentos
700 1029 808 1085 reduxit
820 1050 828 1096 ;
841 1032 872 1085 id

71 1114 125 1166 hoc
150 1109 438 1178 consilio—quonium
468 1119 578 1163 tanturn
608 1119 683 1164 esset
711 1112 871 1167 necessarii)

71 1194 195 1264 spatium
207 1191 368 1261 complexus
381 1207 434 1244 nec
451 1189 534 1245 facilis
546 1199 637 1245 totum
649 1206 751 1260 corpus
764 1201 869 1249 corona

70 1277 191 1332 militum
204 1275 431 1342 cingeretur-ne
443 1273 479 1326 de
492 1273 645 1343 improviso
663 1284 712 1329 aut
731 1284 816 1330 noctu
830 1278 868 1331 ad

67 1359 239 1416 munitiones
258 1357 380 1411 hostium
392 1356 541 1410 multitudo
553 1356 708 1426 advolaret,
720 1368 770 1413 aut
784 1361 869 1415 inter-

67 1443 117 1498 diu
136 1442 192 1496 tela
205 1441 234 1494 in
252 1449 362 1494 nostros
380 1439 457 1508 operi
475 1439 632 1493 destinatos
644 1440 785 1509 conjicere
803 1459 867 1511 pos-

67 1535 138 1582 sent.
170 1525 235 1578 Hoc
245 1522 404 1577 intermisso
414 1522 513 1590 spatio,
524 1522 594 1577 duas
603 1521 695 1575 fossas
706 1522 867 1591 quindecim

65 1607 154 1680 pedes
177 1607 249 1660 latas
274 1604 374 1658 eadem
398 1603 546 1657 altitudine
567 1602 714 1671 perduxit;
745 1620 866 1673 quarum

64 1690 226 1745 interiorem
251 1685 455 1755 campestribus
482 1702 515 1738 ac
537 1685 669 1740 demissis
695 1685 766 1739 locis
792 1694 867 1756 aqua

64 1789 100 1828 ex
112 1772 227 1826 flumine
240 1770 365 1824 derivata
384 1766 543 1836 complevit.
581 1768 648 1821 Post
667 1783 716 1823 eas
734 1784 866 1838 aggerem

63 1871 100 1912 ac
112 1855 216 1909 vallum
234 1851 385 1907 duodecim
396 1850 501 1920 pedum
514 1849 656 1904 exstruxit.
694 1851 771 1905 Huic
783 1851 865 1906 loric-

63 1955 113 1994 am
125 1937 283 2008 pinnasque
296 1934 406 2004 adjecit,
415 1932 568 2001 grandibus
578 1932 666 1988 cervis
676 1933 863 1989 eminentibus

64 2021 103 2077 ad
111 2020 310 2076 commissuras
318 2019 476 2088 pluteorum
486 2024 570 2084 atque
583 2016 700 2083 aggeris,
710 2016 758 2086 qui
766 2032 864 2072 ascen·

64 2120 129 2160 sum
138 2103 261 2157 hostium
269 2101 429 2162 tardarent;
442 2108 470 2152 et
483 2108 572 2152 turres
582 2108 641 2153 toto
654 2114 737 2168 opere
747 2098 863 2152 circum-

66 2181 155 2252 dedit,
167 2201 231 2254 quae
243 2184 330 2253 pedes
343 2182 485 2250 octoginta
498 2181 570 2234 inter
583 2197 613 2234 se
626 2181 770 2234 distarent.

89 2258 239 2320 ιΙ,ΧΧΙΙΙ.
259 2267 328 2319 Erat
352 2263 454 2318 eodem
478 2271 604 2331 tempore
628 2271 656 2315 et
674 2261 816 2316 materiari
835 2270 862 2316 et

63 2352 227 2410 frumentari
246 2361 273 2406 et
291 2357 384 2405 tantas
406 2347 575 2401 munitiones
594 2346 652 2401 fieri
671 2361 794 2416 necesse,
816 2347 864 2402 de·

63 2435 180 2491 minutis
192 2433 293 2490 nostris
312 2433 410 2502 copiis,
429 2446 492 2500 quae
511 2427 623 2498 longiirs
632 2429 669 2483 ab
682 2429 781 2484 castris
800 2446 864 2500 pro·

64 2519 280 2589 grediebantur;
299 2533 333 2571 ac
351 2529 554 2582 nonnunquam
572 2529 659 2582 opera
678 2519 774 2567 nostra
789 2513 863 2568 Galli

65 2610 175 2656 tentare
188 2609 271 2669 atque
289 2597 462 2667 eruptionem
475 2612 509 2650 ex
521 2595 626 2664 oppido
637 2594 762 2664 pluribus
775 2595 863 2664 portis

65 2690 177 2740 summa
184 2683 212 2737 vi
220 2681 313 2736 facere
324 2679 507 2735 conabantur.
545 2677 640 2746 Quare
650 2677 756 2730 adhaec
769 2693 863 2732 rursus

66 2782 153 2836 opera
162 2763 324 2819 addendum
338 2764 435 2816 Caesar
443 2758 882 2831 putavit,qubminorenumero

99 2867 172 2910 Callr'c
182 2863 245 2911 War,
255 2864 314 2906 Book
325 2864 380 2908 VII.
761 2846 791 2886 ἳ
