1996 3144
205 267 266 320 DE
282 266 418 321 BELLO
438 267 625 331 Marco,
643 267 720 323 LIB.
745 269 808 322 VII.
874 284 905 336 31

111 423 169 461 uno
187 406 259 461 colle
276 407 314 460 ab
327 401 465 461 Romanis
486 417 632 476 occupato,
651 406 675 462 si
690 409 807 463 alterum
825 409 908 463 amis·

111 488 209 556 issent,
231 489 300 558 quin
321 506 403 560 paene
415 488 617 544 circumvallati
636 498 720 560 atque
739 491 816 545 omni
834 492 908 547 exitu

111 579 140 624 et
149 571 330 639 pabulatione
344 572 485 626 interclusi
497 572 675 626 viderentur:
694 573 817 628 adhunc
830 591 909 628 mun·

112 651 226 708 iendum
240 669 337 707 omnes
351 672 369 708 a
379 653 609 723 Vercingetorige
622 664 762 710 evocatos.

148 736 236 790 XLV.
256 737 319 790 Hac
338 753 367 791 re
391 737 505 806 cognita
525 738 623 791 Caesar
639 739 725 793 mittit
747 739 907 808 complures

112 818 239 888 equitum
258 828 383 884 turmas;
402 819 443 873 eis
463 820 498 873 de
517 819 612 874 media
630 830 713 874 nocte
735 820 860 891 imperat,
878 831 908 877 ut

111 898 196 969 pauli>
208 899 406 956 tumultuosiirs
419 900 549 956 omnibus
560 901 629 956 locis
637 913 812 971 vagarentur.
851 904 908 957 Pri-

112 991 160 1037 ma
181 983 243 1038 luce
265 999 400 1052 magnum
419 1001 568 1039 numerum
591 983 856 1054 impedimentorum
875 1004 908 1040 ex

113 1066 212 1120 castris
222 1067 414 1136 mulorumque
423 1067 695 1136 produci,dequehis
704 1069 906 1123 stramentade·

113 1147 195 1216 trahi,
207 1147 400 1217 mulionesque
418 1164 483 1201 cum
495 1149 653 1206 cassidibus
672 1149 797 1220 equitum
816 1151 908 1220 specie

112 1247 146 1284 ac
171 1229 348 1284 simulatione
372 1230 489 1284 collibus
521 1231 698 1294 circumvehi,
727 1232 814 1300 jubet.
853 1234 906 1289 His

113 1330 218 1380 paucos
231 1311 309 1366 addit
322 1313 437 1382 equites,
450 1312 497 1383 qui
511 1310 596 1368 latiirs
616 1314 809 1369 ostentationis
823 1325 908 1372 causa

113 1404 286 1464 vagarentur.
326 1397 423 1464 Longo
445 1396 561 1450 circuitu
586 1397 701 1451 easdem
722 1413 819 1453 omnes
827 1397 908 1467 jubet

112 1488 207 1546 petere
215 1478 350 1547 regiones.
378 1481 450 1532 Haec
463 1479 559 1548 procul
570 1496 604 1533 ex
616 1480 721 1549 oppido
733 1479 907 1548 videbantur,

112 1568 142 1614 ut
154 1569 213 1614 erat
226 1577 244 1613 a
257 1560 396 1628 Gergovia
409 1561 558 1630 despectus
575 1562 604 1614 in
617 1571 716 1630 castra,
729 1577 819 1632 neque
828 1573 906 1618 tanto

112 1643 212 1711 spatio,
227 1643 294 1697 certi
308 1642 376 1712 quid
392 1651 474 1709 esset,
486 1640 623 1710 explorari
636 1651 752 1712 poterat
790 1645 907 1712 Legion·

109 1740 156 1778 em
167 1742 252 1778 unam
268 1726 369 1779 eodem
373 1724 442 1793 jugo
455 1723 550 1785 mittit,
562 1732 590 1777 et
602 1722 718 1792 paulum
729 1741 906 1794 progressam

110 1805 237 1861 inferiore
257 1806 401 1861 constituit
429 1806 491 1860 loco
512 1806 643 1876 silvisque
662 1808 791 1862 occultat.
828 1809 905 1878 Aug·

109 1898 170 1942 etur
183 1889 271 1944 Gallis
291 1889 414 1957 suspicio
428 1898 512 1958 atque
535 1905 632 1942 omnes
652 1888 698 1943 illb
718 1889 906 1946 munitionum

109 1971 198 2039 copiae
209 1971 400 2025 traducuntur.
438 1971 536 2024 Vacua
560 1981 652 2025 castra
674 1971 797 2026 hostium
811 1973 906 2028 Caesar

110 2053 296 2123 conspicatus
310 2053 391 2108 tectis
404 2052 562 2122 insignibus
578 2070 691 2108 suorum
705 2054 905 2125 occultatisque

109 2136 195 2203 signis
208 2135 386 2203 militaribus,
399 2152 475 2190 raros
486 2135 597 2201 militeS,
609 2152 646 2189 ne
659 2154 692 2190 ex
704 2137 808 2206 oppido
818 2138 904 2190 anim·

94 2218 327 2284 adverterentur,
347 2234 382 2270 ex
400 2217 552 2286 majoribus
574 2217 674 2271 castris
688 2217 717 2269 in
730 2218 839 2272 minora
848 2229 904 2273 tra-

108 2299 194 2365 ducit,
214 2298 377 2369 legatisque,
391 2316 461 2367 quos
481 2297 597 2364 singulis
619 2299 775 2366 legionibus
793 2302 905 2367 praesec·

108 2390 177 2448 erat,
189 2380 256 2449 quid
269 2381 328 2434 fieri
349 2382 424 2442 velit,
438 2379 560 2434 ostendit
574 2399 581 2443 ;
601 2380 738 2448 imprimis
759 2392 863 2447 monet,
874 2392 905 2436 ut

91 2463 271 2517 contineant
292 2461 403 2529 milites,
430 2478 466 2516 ne
494 2460 587 2514 studio
615 2462 760 2531 pugnandi
787 2472 834 2517 aut
855 2480 905 2532 spe

94 2545 211 2614 ‘praedae
230 2543 341 2613 longiirs
361 2543 595 2612 progrediantur;
615 2544 683 2613 quid
702 2544 836 2615 iniquitas
849 2546 903 2600 loci
921 2573 922 2576 ¹

106 2627 210 2683 habeat
229 2625 410 2692 incommodi,
430 2625 582 2694 proponit3
610 2626 664 2679 hoc
684 2633 742 2679 und
762 2627 904 2683 celeritate

92 2725 192 2780 >posse
215 2708 337 2771 mutari3
362 2706 520 2765 occasionis
544 2723 607 2761 esse
631 2725 707 2772 rem,
723 2725 792 2759 nou
807 2706 926 2769 omib-

108 2791 253 2846 Hisrebus
264 2787 411 2861 expositis,
423 2787 543 2860 signum
553 2789 619 2854 dat,
631 2798 663 2843 et
672 2788 717 2840 aio
728 2787 848 2870 demea
855 2781 954 2838 wi*

101 2872 159 2928 alio
170 2890 292 2931 ascensu
307 2874 418 2933 eodem
429 2885 573 2948 tempore
588 2871 712 2927 AEduos
722 2867 835 2918 muot-
