1996 3144
90 376 130 428 *18
177 428 180 437 ,
311 376 340 428 c
360 372 477 444 JULJI
494 371 683 425 CAEsAnrs

96 522 199 581 rentur,
211 513 315 568 accidit
328 510 552 582 inspectantibus
571 509 661 578 nobis,
676 513 752 581 quod
771 511 888 580 dignum

94 595 231 648 memoria
243 595 336 649 visum
348 592 572 663 praetereundum
591 609 648 646 non
661 593 890 647 existimavimus.

97 674 220 744 Quidam
232 686 297 730 ante
310 685 420 745 portam
433 674 530 744 oppidi
545 675 642 728 Gallus
656 690 705 743 per
718 680 819 728 mamis
833 675 891 727 sevi

95 774 128 812 ac
142 757 212 827 picis
225 758 343 812 traditas
365 758 462 826 glebas
484 756 513 809 in
536 755 630 824 ignem
648 773 664 809 e
682 757 795 826 regione
808 756 891 811 turris

95 839 277 910 projiciebat;
297 839 444 908 scorpione
465 838 503 892 ab
526 839 614 892 latere
638 836 735 892 dextro
759 837 890 908 trajectus

96 922 327 993 exanimatusque
349 920 479 976 concidit.
518 922 602 974 Hunc
621 938 656 974 ex
673 921 805 989 proximis
818 936 891 974 unus

93 1005 234 1074 jacentem
258 1013 448 1075 transgressus
473 996 572 1058 eodem
599 1003 646 1056 illo
672 1019 786 1057 munere
811 1002 889 1069 fung-

94 1087 212 1153 ebatur;
232 1082 332 1142 eadem
351 1088 457 1141 ratione
479 1087 536 1140 ictu
557 1084 711 1154 scorpionis
730 1083 889 1137 exanimato

94 1171 174 1225 alteri
194 1170 329 1225 successit
341 1170 445 1237 tertius,
458 1178 485 1223 et
504 1169 586 1223 tertio
607 1174 729 1238 quartus
742 1182 794 1220 nec
811 1162 889 1233 prius

95 1251 142 1306 ille
165 1263 208 1307 est
226 1269 244 1305 a
264 1251 516 1321 propugnatoribus
540 1266 646 1305 vacuus
670 1249 781 1303 relictus
802 1249 889 1305 locus,

95 1331 187 1401 quiam,
207 1334 340 1388 restincto
361 1349 463 1403 aggere
481 1341 566 1404 atque
584 1332 661 1386 omni
673 1347 707 1384 ex
720 1342 798 1400 parte
817 1345 890 1384 sum·

98 1415 181 1468 motis
194 1415 331 1483 hostibus,
344 1416 408 1470 finis
422 1425 464 1470 est
477 1415 620 1486 pugnandi
633 1415 731 1467 factus.

133 1497 241 1551 XXVI.
261 1499 365 1552 Omnia
377 1498 483 1568 experti
497 1497 581 1564 Galli,
594 1492 669 1565 qubd
682 1511 726 1549 res
740 1496 816 1548 nulia
829 1511 891 1548 suc·

100 1589 230 1647 cesserat,
243 1590 354 1650 postero
367 1581 414 1635 die
426 1580 574 1634 consilium
592 1586 724 1646 ceperunt
743 1595 777 1631 ex
788 1576 893 1646 oppido

98 1661 252 1730 profugere,
265 1662 394 1717 hortante
413 1672 441 1715 et
456 1662 572 1731 jubente
585 1659 819 1728 Vercingetorige.
859 1658 893 1711 Id

99 1745 210 1798 silentio
218 1745 308 1799 noctis
318 1745 412 1799 conati
422 1749 591 1811 nonmagna
597 1743 707 1812 jactura
715 1757 894 1796 suorumsese

80 1887 83 1893 ⁴
99 1826 244 1882 effecturos
255 1828 415 1897 sperabant,
425 1834 571 1896 propterea
582 1824 657 1895 qubd
665 1841 755 1894 neque
762 1822 845 1892 longe
857 1823 893 1876 ab

80 1947 85 1952 -
99 1910 203 1979 oppido
213 1920 304 1964 castra
313 1909 547 1977 Vercingetorigis
558 1909 682 1975 aberant,
692 1918 719 1961 et
731 1908 820 1976 palus,
831 1922 894 1974 quae

90 1999 234 2060 ⁴perpetua
256 1990 454 2058 intercedebat,
476 1992 621 2044 Romanos
641 1990 678 2043 ad
691 1989 895 2058 insequendum

99 2074 238 2127 tardabat.
274 2074 393 2142 Jamque
414 2071 468 2126 hoc
491 2072 583 2127 facere
608 2081 694 2125 noctu
714 2072 894 2139 apparabant,

84 2211 86 2215 Α
99 2172 185 2226 quum
203 2153 423 2209 matresfamiliae
441 2154 555 2223 repente
573 2153 603 2206 in
616 2152 758 2222 publicum
771 2169 895 2222 procurr-

99 2247 179 2291 erunt
189 2237 342 2305 flentesque
353 2235 486 2304 projectae
494 2236 531 2289 ad
543 2236 629 2304 pedes
640 2251 752 2287 suorum
766 2235 895 2287 omnibus

99 2319 227 2387 precibus
240 2317 387 2387 petierunt,
401 2334 437 2370 ne
450 2334 480 2370 se
492 2328 519 2371 et
533 2334 695 2380 communes
715 2315 817 2370 liberos
830 2317 895 2369 hos·

100 2399 174 2454 tibus
187 2399 225 2453 ad
239 2399 408 2468 supplicium
430 2400 572 2461 dederent,
585 2417 655 2469 quos
674 2399 711 2452 ad
730 2398 897 2467 capiendam

99 2481 194 2550 sugam
207 2490 315 2535 naturae
329 2491 357 2537 et
368 2482 470 2536 virium
483 2482 629 2536 infirmitas
643 2480 797 2551 impediret.
837 2479 895 2532 Ubi

98 2580 146 2618 eos
160 2563 188 2616 in
202 2564 343 2617 sententia
356 2574 480 2634 perstare
492 2564 628 2632 viderunt,
642 2562 718 2634 quod
730 2564 895 2632 plerumque

92 2640 127 2698 ¹in
140 2661 249 2699 summo
262 2645 388 2714 periculo
400 2647 483 2700 timor
491 2646 712 2701 misericordiam
722 2661 779 2697 non
787 2642 893 2711 recipit,

96 2726 275 2781 conclamare
296 2737 325 2782 et
347 2727 505 2796 significare
526 2729 562 2782 de
580 2729 646 2796 fuga
660 2725 796 2778 Romanis
818 2741 894 2793 coep·

96 2817 185 2863 erunt.
224 2810 288 2879 Quo
301 2811 401 2864 timore
419 2810 557 2879 perterriti
571 2808 654 2876 Galli,
672 2823 709 2861 ne
721 2807 757 2860 ab
766 2807 894 2878 ‚equitatu

97 2891 294 2946 Romanorum
313 2892 368 2946 viae
386 2894 657 2962 praeoccuparentur,
669 2888 785 2944 consilio
797 2886 893 2944 destit-

94 2981 183 3028 erunt.
868 2980 870 2984 ’
