1996 3144
90 245 106 296 a
304 243 333 296 c.
356 240 477 311 Jurrr
493 242 682 297 cAEsAnrs

90 382 177 438 allato
189 381 287 435 nuntio
301 380 336 436 de
349 382 559 453 oppugnatione
571 382 788 450 Vellaunoduni,
801 399 888 452 quum

87 461 199 533 longitis
209 479 272 517 eam
281 479 340 517 rem
349 463 466 518 ductum
475 462 507 517 iri
516 463 716 533 existimarent,
724 464 886 534 praesidium

91 545 201 602 Genabi
214 545 312 601 tuendi
334 552 428 614 causa,
448 545 524 615 quod
544 562 577 599 eo
596 546 747 615 mitterent,
761 564 888 616 compar·

89 631 184 685 abant
216 630 281 685 Huc
294 628 381 684 biduo
392 628 530 699 pervenit.
560 630 667 684 Castris
677 640 741 684 ante
754 630 890 700 oppidum

90 712 198 782 positis,
227 711 282 766 diei
311 722 437 781 tempore
462 711 590 766 exclusus
617 711 646 766 in
672 722 815 782 posterum
842 730 890 782 op·

89 794 290 865 pugnationem
302 792 402 863 differt,
415 810 533 864 quaeque
551 795 589 848 ad
602 810 665 847 eam
678 811 738 848 rem
751 795 812 848 usui
825 795 890 863 sint,

89 876 224 931 militibus
237 877 356 946 imperat
368 885 403 945 et,
417 873 493 946 quod
506 876 642 945 oppidum
658 879 806 932 Cenabum
818 894 890 946 pons

89 958 213 1012 fluminis
232 957 337 1026 Ligeris
360 958 531 1026 continebat,
552 957 667 1026 veritus,
690 975 727 1013 ne
748 971 833 1014 nocte
855 976 890 1013 ex

90 1040 195 1110 oppido
203 1041 390 1111 profugerent,
400 1041 471 1095 duas
480 1040 605 1109 legiones
614 1040 643 1094 in
653 1041 739 1095 armis
752 1041 891 1095 excubare

87 1121 176 1191 jubet.
214 1124 398 1177 Cenabenses
424 1122 509 1192 paulo
535 1131 601 1176 ante
626 1123 749 1177 mediam
779 1133 891 1177 noctem

92 1203 203 1258 silentio
216 1221 250 1257 ex
262 1205 367 1274 oppido
380 1205 484 1272 egressi
497 1204 602 1258 fiumen
612 1205 731 1258 transire
738 1215 891 1274 coeperunt.

93 1285 198 1352 Quare
217 1302 266 1355 per
279 1287 468 1354 exploratores
488 1285 625 1352 nuntiata,
641 1287 739 1338 Caesar
756 1287 891 1353 legiones,

92 1382 163 1435 quas
176 1367 322 1436 expeditas
336 1383 399 1422 esse
409 1368 539 1436 jusserat,
558 1365 648 1436 portis
668 1366 789 1421 incensis
809 1368 892 1421 intro-

93 1447 177 1502 mittit
190 1459 275 1519 atque
289 1450 394 1518 oppido
414 1449 526 1518 potitur,
546 1449 694 1518 perpaucis
713 1465 748 1503 ex
769 1449 891 1502 hostium

92 1546 208 1584 numero
228 1530 404 1599 desideratis,
426 1532 495 1600 quin
516 1532 610 1586 cuncti
630 1542 802 1600 caperentur,
817 1530 893 1600 quod

92 1613 186 1679 pontis
199 1622 284 1684 atque
297 1613 428 1668 itinerum
440 1615 579 1684 angustiae
597 1612 784 1668 multitudinis
797 1612 893 1681 sugam

93 1693 313 1751 intercluserant.
364 1695 508 1764 Oppidum
535 1695 631 1764 diripit
651 1703 736 1765 atque
761 1695 893 1763 incendit,

93 1777 220 1843 praedam
227 1777 362 1831 militibus
373 1779 468 1844 donat,
475 1778 626 1832 exercitum
637 1776 765 1845 Ligerem
774 1777 895 1831 traducit

94 1867 180 1927 atque
190 1858 219 1912 in
234 1858 393 1926 Biturigum
404 1857 473 1913 fines
486 1859 622 1928 pervenit.

131 1941 201 1994 Xll.
222 1939 441 2009 Vercingetorix,
454 1940 502 1994 ubi
524 1941 560 1994 de
575 1939 695 1994 Caesaris
708 1938 894 1996 adventu‘co-

98 2022 207 2090 gnovit,
220 2023 429 2092 oppugnatione
442 2021 549 2078 destitit
561 2032 645 2092 atque
664 2020 775 2075 obviim
790 2023 896 2077 Caesari

93 2108 286 2178 proficiscitur.
325 2108 377 2164 Ille
395 2106 531 2177 oppidum
555 2108 712 2177 Biturigum
730 2108 853 2177 positum
865 2109 895 2162 in

93 2190 141 2245 via
163 2190 366 2245 Noviodunum
387 2206 551 2260 oppugnare
573 2189 741 2244 instituerat.
779 2192 843 2259 Quo
862 2207 896 2244 ex

2 2280 3 2283 ’
93 2272 198 2342 oppido
218 2288 304 2343 quum
325 2272 410 2341 legati
431 2274 470 2326 ad
494 2288 558 2326 eum
579 2271 722 2326 venissent
742 2282 852 2326 oratum
864 2279 895 2325 ut

94 2354 148 2409 sibi
161 2355 316 2424 ignosceret
329 2371 443 2425 suaeque
455 2352 521 2408 vitae
530 2354 696 2421 consuleret,
707 2364 738 2408 ut
752 2354 894 2408 celeritate

93 2437 214 2507 reliquas
249 2453 292 2490 res
321 2437 480 2503 conficeret,
500 2443 556 2506 qua
581 2436 714 2504 pleraque
740 2444 801 2489 erat
829 2452 895 2489 con-

94 2529 235 2588 sequutuS,
248 2535 327 2572 arma
339 2518 467 2584 conferri,
476 2533 563 2587 equos
575 2517 702 2585 produci,
710 2517 823 2571 obsides
835 2517 895 2571 dari

90 2600 179 2669 jubet.
217 2603 298 2656 Parte
316 2601 376 2670 jam
398 2600 530 2654 obsidum
552 2600 665 2662 tradita,
678 2617 764 2670 quum
787 2600 894 2670 reliqua

93 2681 363 2750 administrarentur,
377 2681 586 2736 centurionibus
599 2690 626 2735 et
645 2681 743 2750 paucis
756 2681 893 2735 militibus

93 2765 269 2833 intromissis,
297 2765 344 2834 qui
369 2780 448 2817 arma
475 2765 656 2833 jumentaque
688 2764 892 2833 conquirerent,
