1996 3144
95 215 131 282 46
311 215 341 269 C.
361 213 480 283 JULII
497 213 687 267 CAESARIS

96 355 233 423 nuntiata,
247 356 344 409 Caesar
355 369 438 408 suum
450 369 562 423 quoque
583 352 738 422 equitatum
760 350 896 422 tripertito

93 438 213 493 divisum
234 446 333 492 contra
359 437 471 492 hostem
491 436 531 491 ire
549 436 636 506 jubet.
675 437 819 505 Pugnatur
840 432 897 489 unii

93 521 224 576 omnibus
236 519 266 574 in
287 518 423 591 partibus.
462 519 599 574 Consistit
627 534 730 589 agmen
742 539 749 585 ;
776 517 894 587 impedi-

92 611 188 657 menta
206 601 278 656 inter
296 601 421 671 legiones
440 603 619 670 recipiuntur.
658 602 688 656 Si
702 608 758 670 qua
775 599 804 653 in
817 606 896 669 parte

92 683 180 739 nostri
197 685 324 740 laborare
346 694 395 740 aut
415 683 529 754 graviirs
551 684 640 753 premi
663 683 839 750 videbantur,
860 680 894 735 ed

93 764 175 836 signa
194 767 290 822 inferri
312 769 408 822 Caesar
429 767 578 834 aciemque
604 766 736 822 constitui
756 765 894 834 jubebat;

92 866 156 921 quae
180 866 225 905 res
250 858 278 904 et
303 850 400 904 hostes
426 848 463 902 ad
488 848 692 917 insequendum
715 849 845 902 tardabat
867 856 895 903 et

91 941 203 986 nostros
216 948 265 1003 spe
278 930 373 986 auxilii
380 930 573 985 confirmabat.
611 932 742 985 Tandem
756 931 894 986 Germani

92 1015 129 1069 ab
147 1015 244 1070 dextro
263 1015 351 1070 latere
363 1030 506 1068 summum
522 1013 621 1083 jugum
634 1012 710 1068 nacti
723 1014 818 1068 hostes
830 1014 893 1067 loco

92 1097 236 1167 depellunt
249 1118 256 1163 ς
275 1097 413 1166 fugientes
434 1096 574 1167 usquead
588 1096 701 1165 flumen,
717 1095 765 1149 ubi
777 1095 894 1150 Vercin-

90 1180 199 1247 getorix
223 1196 287 1234 cum
310 1179 487 1247 pedestribus
513 1177 602 1248 copiis
634 1177 808 1246 consederat,
832 1194 894 1248 per·

91 1271 244 1330 sequuntur
253 1261 466 1330 compluresque
475 1260 654 1315 interficiunt.
693 1261 894 1328 Quareanim·

92 1344 219 1413 adversa,
238 1343 346 1414 reliqui,
370 1359 407 1397 ne
427 1343 640 1397 circumirentur
657 1341 746 1411 veriti,
771 1357 802 1395 se
820 1341 894 1410 fugae

91 1427 236 1482 mandant.
275 1426 415 1481 Omnibus
433 1423 503 1479 locis
524 1423 556 1479 fit
576 1424 676 1479 caedes.
713 1424 782 1478 Tres
802 1425 893 1479 nobil·

91 1509 179 1563 issimi
188 1510 275 1564 AEdui
287 1509 362 1579 capti
372 1509 410 1563 ad
422 1509 564 1562 Caesarem
573 1506 781 1577 perducuntur:
797 1507 893 1577 Cotus,

90 1593 238 1661 praefectus
263 1593 397 1662 equitum,
422 1589 471 1661 qui
490 1589 710 1646 controversiam
736 1605 800 1644 cum
820 1591 893 1644 Con-

90 1673 243 1729 victolitavi
251 1674 385 1744 proximis
396 1674 516 1729 comitiis
526 1673 679 1738 habuerat;
690 1680 718 1726 et
728 1671 892 1740 Cavarillus,

90 1757 137 1826 qui
151 1768 215 1827 post
237 1757 425 1812 defectionem
447 1755 584 1810 Litavicci
603 1753 781 1824 pedestribus
803 1753 892 1824 copiis

90 1839 253 1906 praefuerat3
273 1847 301 1892 et
315 1837 497 1907 Eporedorix,
511 1854 567 1907 quo
580 1837 651 1891 duce
664 1844 729 1889 ante
740 1836 892 1890 adventum

93 1920 212 1974 Caesaris
224 1919 312 1973 AEdui
325 1936 391 1972 cum
404 1919 544 1988 Sequanis
557 1917 632 1971 bello
645 1917 855 1972 contenderant.

127 2003 265 2056 LXVIII.
285 2003 394 2070 Fugato
414 2001 491 2055 omni
518 2000 653 2071 equitatu,
678 1999 890 2070 Vercingetorix

90 2084 196 2154 copias,
220 2093 252 2139 ut
275 2100 327 2153 pro
355 2083 454 2138 castris
476 2083 670 2144 collocaverat,
693 2083 802 2136 reduxit
829 2100 891 2152 pro·

90 2167 222 2238 tinusque
232 2167 365 2236 Alesiam,
376 2167 452 2237 quod
464 2175 507 2220 est
517 2165 652 2235 oppidum
664 2165 892 2236 Mandubiorum,

91 2251 141 2305 iter
171 2252 265 2307 facere
295 2250 390 2320 coepit,
421 2251 601 2320 celeriterque
630 2249 830 2318 impedimenta
859 2267 893 2303 ex

90 2335 189 2388 castris
209 2334 292 2389 educi
315 2344 344 2389 et
364 2351 394 2388 se
423 2332 555 2402 subsequi
572 2332 664 2402 J‘ussit.
710 2334 814 2402 Caesar,
842 2333 892 2386 im-

90 2416 259 2485 pedimentis
284 2417 314 2469 in
331 2415 489 2485 proximum
508 2416 609 2471 collem
628 2416 765 2477 deductis,
784 2415 892 2468 duabus

89 2497 247 2566 legionibus
259 2498 393 2569 praesidio
406 2498 511 2553 relictis
525 2508 667 2568 sequutus,
681 2507 818 2567 quantum
836 2497 892 2550 diei

90 2589 200 2650 tempus
215 2590 258 2635 est
269 2596 392 2650 passum,
409 2580 517 2635 circiter
529 2580 617 2636 tribus
631 2582 755 2635 millibus
768 2578 891 2633 hostium

89 2678 124 2716 ex
154 2662 308 2718 novissimo
335 2663 448 2730 agmine
478 2663 639 2732 intersectis,
665 2663 753 2716 altero
785 2660 830 2714 die
854 2661 891 2714 ad

89 2744 216 2801 Alesiam
241 2755 332 2799 castra
357 2744 431 2798 lecit.
469 2744 619 2814 Perspecto
647 2744 726 2798 urbis
751 2742 804 2796 situ
830 2759 891 2812 per·
