1996 3144
138 285 153 322 2
349 263 378 317 c.
400 262 516 332 JULH
534 261 724 314 CAESARJS

141 405 250 461 initium
271 400 376 456 faciant
395 410 422 456 et
442 401 486 454 sui
508 400 607 469 capitis
627 399 751 469 periculo
765 401 886 456 Galliam
904 399 933 453 in

143 487 300 541 libertatem
329 483 480 537 vindicent.
530 480 672 549 Imprimis
707 482 844 536 rationem
873 499 935 538 esse

139 568 301 622 habendam
323 566 428 634 dicunt,
450 563 613 632 priusquam
633 578 730 618 eorum
758 564 933 619 clandestina

143 651 260 706 consilia
272 649 430 714 efferantur,
448 655 478 700 ut
493 645 589 699 Caesar
601 646 638 698 ab
652 647 772 700 exercitu
787 648 935 702 interclud-

142 744 214 788 atur.
254 732 289 785 ld
301 745 363 784 esse
376 728 466 796 facile,
479 724 555 796 qudd
567 743 660 795 neque
669 728 794 795 legiones
806 730 936 799 audeant,

141 816 258 870 absente
279 812 454 880 imperatore,
466 825 500 862 ex
513 808 637 862 hibernis
659 809 763 878 egredi,
776 827 866 880 neque
885 810 936 865 im-

129 907 254 968 perator
266 895 327 949 sine
338 890 471 962 praesidio
483 889 521 942 ad
540 889 665 957 legiones
684 892 829 962 pervenire
840 895 936 963 possit.

143 975 288 1034 Postremb
298 977 327 1030 in
339 974 399 1029 acie
407 980 540 1041 praestare
553 972 679 1042 interfici,
689 971 774 1042 quim
783 991 839 1029 non
847 986 937 1030 veter·

143 1078 188 1116 em
200 1061 267 1116 belli
279 1059 397 1128 gloriam
409 1056 631 1125 libertatemque,
644 1072 731 1126 quam
748 1073 767 1111 a
785 1057 938 1127 majoribus

143 1141 310 1212 acceperint,
323 1153 495 1208 recuperare.

179 1226 217 1277 ll.
240 1222 294 1276 His
314 1222 397 1275 rebus
419 1217 540 1288 agitatis,
563 1219 728 1287 profitentur
750 1223 886 1278 Carnutes
908 1239 939 1278 se

143 1305 251 1358 nullum
263 1302 415 1373 periculum
427 1299 583 1354 communis
597 1301 696 1355 salutis
706 1312 790 1357 causa
802 1320 938 1373 recusare,

142 1387 337 1458 principesque
346 1399 380 1436 ex
388 1381 628 1436 omnibusbellum
637 1381 938 1453 facturospollicentur;

143 1465 343 1538 et-quoniam
356 1464 383 1516 in
398 1463 548 1533 praesentia
557 1462 703 1517 obsidibus
714 1481 813 1520 cavere
826 1467 897 1521 inter
910 1478 940 1522 s'e

143 1546 331 1618 nonpossint,
344 1562 435 1600 neres
448 1543 644 1599 efferatur-ut
653 1544 834 1615 jurejurando
842 1565 875 1603 ac
885 1549 941 1605 fide

144 1631 287 1685 sanciatur
306 1636 412 1698 petunt,
435 1626 545 1680 collatis
571 1625 739 1682 militaribus
761 1629 941 1701 signis-quo

143 1729 222 1767 more
234 1727 332 1767 eorum
344 1707 510 1778 gravissima
523 1708 684 1762 caerimonia
705 1711 941 1780 continetur-ne,

144 1795 219 1848 facto
232 1793 311 1846 initio
323 1790 398 1857 belli,
411 1790 449 1842 ab
461 1789 576 1858 reliquis
590 1790 761 1845 deserantur.
799 1795 874 1846 Tum
886 1795 942 1848 col·

144 1874 267 1928 laudatis
282 1870 460 1938 Carnutibus,
474 1870 541 1923 dato
556 1871 739 1940 jurejurando
752 1874 789 1927 ab
802 1875 943 1943 omnibus,

146 1956 194 2024 qui
206 1955 331 2018 aderant,
346 1961 472 2020 tempore
485 1951 545 2020 ejus
558 1951 597 2007 rei
610 1954 771 2023 constituto,
779 1957 815 2010 ab
824 1957 943 2011 concilio

148 2035 308 2094 disceditur.

183 2119 239 2171 Ill.
260 2114 321 2170 Ubi
343 2131 377 2169 ea
399 2115 459 2169 dies
481 2115 565 2183 venit,
590 2117 726 2171 Carnutes
756 2119 893 2174 Gutruato
914 2130 943 2176 et

148 2197 437 2255 Conconnetodumno
457 2196 584 2262 ducibus,
598 2198 752 2267 desperatis
774 2200 943 2270 hominibus,

148 2280 296 2337 Cenabum
304 2278 385 2346 signo
394 2278 461 2333 dato
469 2291 645 2347 concurrunt,
653 2281 782 2351 civesque
790 2286 943 2354 Romanos,

147 2363 194 2431 qui
207 2359 370 2428 negotiandi
383 2365 467 2413 causi
479 2360 518 2413 ibi
531 2362 779 2418 constiterant-in
787 2366 831 2421 his
841 2366 942 2421 Gaium

147 2443 261 2496 Fufium
275 2441 376 2507 Citam,
396 2442 547 2495 honestum
567 2443 690 2511 equitem
711 2447 879 2515 Romanum,
896 2449 944 2518 qui

147 2523 188 2576 rei
199 2521 390 2575 frumentariae
399 2522 480 2589 jussu
492 2523 613 2577 Caesaris
621 2527 944 2593 praeerat—interficiunt

147 2606 278 2672 bonaque
307 2619 404 2657 eorum
434 2603 578 2673 diripiunt.
621 2606 755 2662 Celeriter
783 2610 820 2662 ad
847 2628 945 2665 omnes

150 2685 250 2739 Galliae
262 2683 390 2739 civitates
401 2685 479 2738 fama
497 2686 641 2754 perfertur.
678 2689 764 2757 Nam,
777 2690 946 2761 ubicumque

148 2765 240 2834 major
251 2772 336 2836 atque
347 2764 479 2820 illustrior
490 2766 590 2824 incidit
603 2783 656 2836 res,
669 2769 790 2825 clamore
802 2787 852 2840 per
862 2789 948 2841 agros
