1996 3144
171 189 231 242 DE
247 186 382 240 BELLO
402 185 585 253 GALLICO,
604 184 681 238 LIB.
707 186 771 238 VII.
836 201 866 252 13

73 329 150 385 edito
162 337 246 399 atque
257 335 355 397 aperto
373 325 567 382 instruxerunt.
606 325 669 394 Qua
690 343 719 380 re
740 324 868 379 nuntiata

75 412 171 464 Caesar
192 408 318 472 celeriter
339 409 464 462 sarcinas
489 408 616 475 conferri,
639 424 718 461 arma
746 407 868 475 expediri

70 492 161 563 jussit.

108 575 188 629 XIX
204 572 360 627 Colliserat
368 574 469 628 leniter
478 573 515 626 ab
525 573 621 626 infinro
634 573 754 628 acclivis.
785 574 870 626 Hunc

74 673 108 710 ex
126 657 257 710 omnibus
277 654 334 710 fere
347 656 473 724 partibus
491 657 572 725 palus
585 655 705 709 difficilis
719 665 803 724 atque
820 656 871 708 im·

73 738 170 809 pedita
188 738 318 806 cingebat
336 754 393 790 non
412 739 495 791 latior
515 738 636 807 pedibus
658 738 872 807 quinquaginta.

76 820 140 874 Hoc
153 837 183 874 se
196 820 274 887 colle,
288 820 447 887 interruptis
460 821 601 889 pontibus,
615 821 688 875 Galli
703 820 805 873 fiducia
817 820 872 873 loci

74 903 264 969 continebant,
286 902 495 970 generatimque
520 902 661 956 distributi
686 903 714 955 in
746 902 872 957 civitates

75 986 171 1039 omnia
188 985 262 1038 vada
281 999 315 1037 ac
336 985 422 1038 saltus
436 986 495 1053 ejus
508 983 621 1052 'paludis
641 984 815 1052 obtinebant,
834 985 873 1038 sic

76 1068 172 1120 animo
196 1067 295 1136 parati,
320 1075 359 1133 ut,
384 1066 407 1118 si
428 1082 492 1119 eam
516 1065 649 1133 paludem
670 1066 792 1120 Romani
813 1082 873 1135 per-

77 1165 206 1219 rumpere
224 1157 399 1210 conarentur,
416 1149 580 1202 haesitantes
593 1158 753 1218 premerent
766 1164 800 1201 ex
813 1149 874 1202 loco

77 1231 226 1301 superiore,
240 1241 278 1299 ut,
292 1230 338 1300 qui
352 1230 589 1300 propinquitatem
602 1229 656 1282 loci
668 1229 783 1295 videret,
793 1245 874 1298 para·

77 1321 122 1368 tos
147 1312 234 1384 propo
253 1329 335 1382 aequo
358 1314 450 1366 Marte
475 1313 512 1365 ad
537 1311 729 1366 dimicandum
754 1312 875 1366 existim-

75 1405 152 1462 aret;
166 1396 214 1467 qui
226 1395 404 1466 iniquitatem
423 1394 592 1449 conditionis
605 1395 784 1463 perspiceret,
798 1394 875 1447 inani

77 1477 253 1533 simulatione
261 1493 323 1532 sese
331 1485 668 1544 ostentarecognosceret.
691 1477 874 1543 Indignantes

77 1559 179 1614 milites
193 1561 297 1628 Caesar,
311 1556 387 1629 quod
409 1565 591 1626 conspectum
605 1574 686 1610 suum
704 1558 800 1611 hostes
814 1574 874 1627 per·

50 1642 52 1645 ’
77 1642 148 1696 ferre
165 1650 282 1710 possent
302 1640 411 1694 tantulo
431 1638 522 1708 spatio
542 1638 696 1708 interjecto,
716 1649 743 1693 et
764 1640 875 1708 signum

78 1723 169 1794 proelii
189 1731 373 1793 exposcentes
395 1723 494 1776 edocet
520 1729 625 1791 quanto
651 1721 819 1778 detrimento
846 1733 875 1779 et

78 1816 146 1877 quot
167 1805 290 1861 virorum
307 1804 419 1859 sortium
439 1813 530 1859 morte
554 1820 670 1859 necesse
690 1805 726 1859 sit
746 1816 876 1860 constare

77 1889 242 1954 victoriam3
260 1904 332 1957 quos
344 1904 430 1957 quum
443 1888 483 1940 sic
496 1887 590 1940 animo
603 1895 718 1956 paratos
730 1887 832 1949 videat.
845 1899 875 1943 ut

78 1971 185 2025 nullum
197 1988 248 2041 pro
268 1978 320 2025 sua
338 1971 421 2024 laude
440 1970 595 2038 periculum
607 1978 744 2036 recusent,
758 1987 876 2026 summae

79 2069 110 2108 se
119 2053 274 2124 iniquitatis
287 2051 469 2106 condemnari
482 2052 592 2117 debere,
606 2050 661 2104 nisi
680 2066 777 2104 eorum
789 2053 876 2105 vitam

79 2142 131 2190 sua
144 2135 234 2190 salute
242 2135 346 2188 habeat
359 2134 504 2187 cariorem.
541 2134 588 2187 Sic
600 2133 703 2186 milites
716 2134 876 2188 consolatus

79 2218 181 2273 eodem
201 2218 248 2271 die
272 2217 381 2270 reducit
399 2216 428 2269 in
447 2226 547 2284 castra,
561 2216 730 2285 reliquaque,
752 2232 816 2283 quae
840 2217 877 2269 ad

79 2299 316 2370 oppugnationem
345 2297 522 2369 pertinebant
552 2296 656 2365 oppidi,
682 2296 877 2351 administrare

80 2383 207 2437 instituit.

115 2466 181 2518 XX.
199 2461 420 2532 Vercingetorix,
432 2479 518 2532 quum
530 2461 568 2516 ad
580 2480 646 2517 suos
665 2461 803 2529 rediisset,
816 2477 878 2530 pro·

81 2550 195 2606 ditionis
215 2549 403 2617 insimulatus,
425 2546 501 2617 quod
521 2558 614 2602 castra
626 2546 741 2617 propius
756 2548 878 2600 Roman-

81 2648 114 2685 os
143 2630 287 2697 movisset,
311 2625 387 2699 quod
411 2643 475 2681 curn
505 2629 584 2681 omni
603 2629 728 2698 equitatu
758 2627 886 2680 discess-

83 2713 159 2780 isset,
171 2709 247 2781 qubd
267 2711 329 2766 sine
348 2709 465 2780 imperio
484 2717 583 2766 tantas
605 2710 710 2781 copias
725 2704 917 2772 reliquisses,
