1996 3144
177 213 237 308 ria
252 255 387 308 narro
407 255 590 318 onrrrco,
609 259 689 312 rin.
715 261 777 315 Vir.
845 274 878 326 23

78 392 269 461 existimavit;
289 403 325 461 et,
350 391 425 463 quod
449 394 559 464 legibus
580 398 738 453 AEduorum
761 399 804 467 iis,
829 402 877 468 qui

79 494 221 531 summum
233 478 428 544 magistratum
441 477 606 546 obtinerent,
625 482 758 536 excedere
770 498 804 536 ex
816 481 878 536 fini·

77 560 131 613 bus
146 576 202 612 non
214 559 319 628 liceret,
325 577 361 614 ne
371 559 439 630 quid
447 559 483 613 de
488 560 550 629 jure
560 570 608 615 aut
616 564 651 617 de
659 564 768 631 legibus
782 580 878 618 eorum

79 642 251 696 deminuisse
277 643 425 709 videretur,
452 643 512 710 ipse
542 642 570 695 in
598 645 709 700 AEduos
739 645 878 715 proficisci

79 725 184 792 statuit,
206 733 389 794 senatumque
402 741 515 778 omnem
535 733 571 790 et,
591 742 671 795 quos¹
682 727 753 782 inter
766 738 877 783 contro-

80 807 173 861 versia
184 816 266 874 esset,
280 807 316 860 ad
325 823 355 860 se
364 806 512 860 Decetiam
522 809 658 863 evocavit.
688 810 781 876 Quum
790 809 878 880 propb

79 892 171 947 omnis
185 892 285 947 civitas
298 891 331 946 eb
350 893 537 960 convenisset,
556 895 765 965 docereturque,
779 896 877 966 paucis

79 976 154 1027 clam
179 976 341 1030 convocatis
366 976 421 1030 alio
445 976 517 1044 loco,
548 977 604 1031 alio
633 987 766 1047 tempore,
792 987 877 1048 atque

79 1059 241 1126 oportuerit,
250 1058 364 1112 fratrem
374 1075 392 1110 a
402 1058 487 1112 fratre
494 1059 692 1128 renuntiatum,
705 1076 792 1128 quum
800 1061 876 1128 leges

79 1138 135 1191 duo
164 1154 199 1191 ex
228 1145 285 1191 una
316 1137 424 1191 familia
453 1138 518 1192 vivo
549 1147 666 1208 utroque
697 1157 754 1194 non
785 1140 876 1194 solum

79 1219 260 1288 magistratus
271 1220 358 1274 creari
368 1229 501 1289 vetarent,
511 1222 560 1274 sed
570 1220 656 1275 etiam
665 1223 693 1274 in
707 1231 804 1277 senatu
814 1240 879 1279 esse

78 1303 265 1372 prohiberent,
291 1303 394 1357 Cotum
419 1302 566 1372 imperium
593 1303 733 1372 deponere
763 1305 854 1374 coegit
866 1326 875 1373 ;

79 1385 338 1454 Conuictolitauem,
352 1385 399 1455 qui
411 1402 461 1455 per
473 1385 633 1441 sacerdotes
645 1402 723 1441 more
743 1385 874 1455 civitatis,

77 1468 241 1523 intermissis
253 1466 473 1536 magistratibus,
484 1478 558 1523 esset
571 1477 675 1537 creatu,
688 1477 872 1538 spotestatem

75 1551 200 1605 obtinere
210 1549 303 1619 jussit.

110 1632 247 1686 XXXIV.
280 1633 345 1685 Hoc
376 1631 489 1685 decreto
514 1631 686 1701 interposito,
711 1634 873 1689 cohortatus

75 1715 185 1770 AEduos
209 1725 240 1769 ut
267 1713 519 1768 controversiarum
537 1731 572 1767 ac
600 1715 784 1770 dissensionis
803 1717 873 1771 obli·

75 1787 247 1853 uiscerentur
256 1807 349 1868 atque,
363 1796 495 1849 omnibus
504 1795 615 1850 omissis
628 1794 697 1866 [his]
704 1798 795 1866 rebus,
809 1800 874 1853 huic

75 1881 149 1935 bello
170 1881 313 1941 servirent,
335 1894 432 1949 eaque,
446 1895 510 1948 quae
521 1879 696 1946 meruissent,
710 1882 826 1949 praemia
837 1882 874 1935 ab

75 1979 105 2016 se
113 1961 223 2017 devicta
234 1963 327 2017 Gallia
335 1971 537 2032 exspectarent,
543 1962 752 2031 equitatumque
762 1979 875 2016 omnem

74 2053 103 2099 et
122 2045 249 2114 peditum
269 2045 357 2099 millia
377 2046 476 2100 decem
503 2044 556 2097 sibi
575 2043 702 2098 celeriter
721 2044 873 2112 mitterent,

75 2144 139 2197 quae
152 2127 180 2180 in
193 2127 331 2197 praesidiis
345 2128 385 2182 rei
397 2128 588 2182 frumentariae
607 2135 694 2183 causa
706 2127 875 2198 disponeret,

74 2210 227 2265 exercitum
245 2211 273 2262 in
292 2209 363 2264 duas
376 2217 470 2280 partes
491 2210 603 2265 divisit:
623 2219 741 2280 quatuor
752 2210 876 2278 legiones

74 2291 105 2344 in
128 2292 255 2346 Senones
276 2291 453 2362 Parisiosque
476 2292 602 2346 Labieno
625 2292 769 2345 ducendas
790 2291 875 2360 dedit5

75 2390 124 2428 sex
145 2373 206 2442 ipse
226 2373 255 2426 in
268 2374 410 2428 Arvernos
424 2373 461 2427 ad
481 2375 616 2443 oppidum
633 2373 804 2440 Gergoviam
818 2388 870 2426 seca

75 2456 183 2509 undum
207 2455 312 2510 flumen
340 2457 443 2510 Elaver
468 2457 564 2520 duxit;
593 2450 737 2526 equitatus
768 2463 876 2525 partem

75 2537 115 2591 illi
128 2536 264 2604 attribuit,
276 2547 385 2606 partem
398 2538 453 2591 sibi
473 2539 592 2609 reliquit.
632 2541 696 2608 Qua
709 2557 738 2593 re
757 2537 878 2606 cognita,

76 2619 295 2688 Vercingetorix,
324 2619 453 2672 omnibus
485 2620 650 2689 interruptis
670 2621 730 2689 ejus
756 2618 878 2673 fluminis

75 2703 218 2771 pontibus,
232 2701 269 2754 ab
281 2701 371 2755 altera
382 2699 508 2755 fluminis
521 2712 600 2771 parte
615 2703 666 2756 iter
679 2704 770 2756 facere
783 2701 878 2770 coepit

114 2783 235 2837 XXXV.
256 2783 351 2851 Quum
363 2791 480 2850 uterque
492 2784 603 2854 utrique
616 2795 690 2839 esset
699 2783 880 2865 exercitus-in
