1996 3144
92 271 125 310 22
307 258 336 310 c.
358 252 475 323 Jurrr
492 253 681 309 cAEsAnrs

92 401 265 450 commeatus
296 405 405 464 nactus,
434 395 585 450 exercitum
615 410 649 447 ex
680 393 777 447 labore
807 402 891 463 atque

91 477 188 547 inopia
207 477 312 532 refecit.
348 479 413 546 Jam
434 476 522 547 prope
543 475 636 530 hieme
655 475 791 537 confecta,
805 493 892 545 quum

91 559 154 629 ipso
176 560 244 613 anni
257 569 383 630 tempore
395 560 433 615 ad
453 560 609 628 gerendum
621 558 727 612 bellum
745 568 892 613 vocaretur

92 652 120 695 et
139 641 176 695 ad
198 643 310 697 hostem
322 642 461 711 proficisci
483 641 682 708 constituisset,
696 641 755 694 sive
774 657 838 694 eum
857 658 892 695 ex

91 724 241 794 paludibus
254 723 388 793 silvisque
400 725 500 778 elicere
520 723 579 777 sive
601 722 749 777 obsidione
767 738 893 791 premere

91 816 196 875 posset,
209 806 345 878 legati-ad
358 823 424 860 eum
442 805 585 875 principes
598 805 758 859 AEduorum
775 805 892 860 veniunt

93 896 203 942 oratum
216 897 246 943 ut
259 885 382 941 maxime
396 886 558 941 necessario
568 896 692 956 tempore
706 885 813 941 civitati
827 886 891 941 sub·

91 970 204 1024 veniat:
224 986 334 1024 summo
347 985 410 1024 esse
430 970 460 1023 in
481 969 604 1038 periculo
625 985 693 1032 rem,
706 966 791 1038 qubd,
805 985 892 1039 quum

92 1051 194 1120 singuli
218 1052 399 1120 magistratus
424 1047 578 1120 antiquitus
606 1051 694 1107 creari
720 1060 806 1121 atque
829 1067 890 1118 reg·

91 1133 150 1186 iar‘n
170 1143 339 1201 potestatem
358 1151 463 1189 annum
486 1133 612 1188 othnere
630 1133 820 1202 consuessent,
834 1133 890 1187 duo

91 1213 286 1282 magistratum
304 1224 410 1283 gerant,
435 1224 462 1269 et
484 1231 515 1268 se
534 1224 649 1285 uterque
668 1231 763 1268 eorum
782 1215 890 1283 legibus

91 1304 217 1351 creatum
241 1313 303 1351 esse
329 1297 414 1351 dicat.
453 1298 564 1350 Horum
585 1313 647 1350 esse
673 1296 792 1351 alterum
818 1298 889 1351 Con·

91 1379 288 1446 victolitavem,
300 1378 446 1433 florentem
459 1388 487 1433 et
506 1380 642 1434 illustrem
661 1380 871 1436 adolescentem
882 1401 889 1445 ;

92 1462 210 1516 alterum
229 1463 339 1531 Cotum,
352 1460 548 1530 antiquissima
566 1461 672 1516 familia
690 1471 788 1517 natum
806 1473 891 1534 atque

32 1549 33 1553 ’
92 1544 184 1616 ipsum
208 1544 352 1598 hominem
372 1560 491 1599 summae
508 1545 641 1615 potentiae
667 1555 694 1600 et
714 1563 827 1616 magnae
845 1563 890 1601 co·

91 1627 241 1697 gnationis,
251 1627 329 1696 cujus
337 1626 422 1681 irater
433 1627 595 1682 Valetiacus
606 1628 733 1698 proximo
741 1646 816 1683 anno
824 1645 889 1683 eun·

91 1710 157 1765 dem
169 1710 365 1778 magistratum
378 1711 504 1776 gesserit.
542 1711 692 1765 Civitatem
702 1727 765 1766 esse
778 1728 891 1765 omnem

91 1792 121 1845 in
151 1791 255 1858 armis3
281 1791 403 1845 divisum
429 1800 567 1860 senatum,
598 1792 721 1846 divisum
746 1796 890 1863 populum,

92 1889 157 1927 suas
171 1871 304 1942 cujusque
326 1888 422 1927 eorum
444 1873 596 1927 clientelas.
635 1871 718 1943 Qubd
740 1875 764 1928 si
786 1874 890 1930 diutius

93 1957 183 2015 alatur
205 1954 401 2024 controversia,
420 1954 479 2009 fore
498 1956 539 2010 uti
558 1972 624 2025 pars
643 1972 708 2011 cum
726 1967 807 2026 parte
832 1959 890 2013 civ·

91 2038 168 2092 itatis
193 2037 344 2107 confligat3
373 2038 403 2093 id
431 2055 467 2092 ne
494 2037 613 2108 accidat,
641 2040 764 2107 positum
782 2041 812 2095 in
830 2041 890 2110 ejus

91 2121 237 2189 diligentia
248 2129 332 2191 atque
344 2121 519 2176 auctoritate.

58 2230 60 2240 .
126 2203 269 2257 XXXIII.
290 2204 393 2272 Caesar,
414 2204 467 2259 etsi
491 2220 510 2258 a
532 2204 607 2258 bello
632 2215 718 2275 atque
734 2206 817 2261 hoste
834 2206 890 2260 dis-

92 2286 191 2341 cedere
203 2285 434 2340 detrimentosum
446 2303 509 2342 esse
522 2286 818 2355 existimabattamen
831 2305 888 2342 non

90 2367 223 2435 ignorans
257 2378 362 2438 quanta
392 2385 426 2422 ex
456 2369 679 2426 dissensionibus
710 2371 890 2425 incommoda

91 2450 157 2504 oriri
170 2451 359 2518 consuessent,
372 2468 408 2505 ne
421 2462 500 2507 tanta
512 2463 610 2508 ettam
622 2454 772 2523 conjuncta
785 2455 889 2523 populo

92 2533 222 2586 Romano
235 2533 343 2601 ciuitas,
357 2550 443 2603 quam
466 2535 526 2604 ipse
545 2553 656 2605 semper
668 2535 783 2590 aluisset
801 2537 889 2590 omni-

90 2615 200 2685 busque
211 2616 294 2670 rebus
304 2614 440 2685 ornasset,
448 2617 486 2671 ad
498 2616 556 2671 vim
569 2628 654 2688 atque
662 2634 742 2671 arma
754 2618 890 2673 descend·

89 2706 157 2764 eret,
169 2706 254 2766 atque
272 2713 307 2751 ea
318 2715 393 2767 pars,
411 2717 475 2770 quae
492 2697 587 2754 minus
606 2700 768 2768 confideret,
787 2700 889 2755 auxilia

89 2795 109 2834 a
120 2778 349 2848 Vercingetorige
362 2791 524 2851 arcesseret,
538 2781 604 2836 huic
611 2780 651 2836 rei
663 2783 888 2851 praevertendum
