1996 3144
144 106 177 178 56
356 108 385 164 c.
405 104 524 178 Jorrr
539 103 727 162 camnis

142 264 244 317 pugnae
257 255 423 318 proventum
436 247 645 316 exspectabant.
673 244 747 299 Galli
755 245 828 299 inter
836 245 953 314 equites

142 346 221 384 raros
234 329 395 398 sagittarios
404 328 604 399 expeditosque
616 328 686 382 levis
697 335 847 381 armaturae
860 326 951 381 inter·

139 410 274 482 jecerant,
296 412 343 481 qui
363 412 421 467 suis
441 410 607 466 cedentibus
629 409 731 464 auxilio
752 418 952 463 succurrerent

136 504 171 549 et
183 503 341 548 nostrorum
354 494 480 563 equitum
492 492 613 562 impetus
627 492 804 547 sustinerent.
841 491 889 544 Ab
902 490 950 546 his

143 578 300 647 complures
325 577 360 630 de
384 576 536 646 improviso
560 573 698 629 vulnerati
723 573 821 643 proelio
846 573 950 628 exced-

143 659 236 713 ebant.
274 659 368 727 Quum
392 676 459 714 suos
483 664 578 727 pugna
602 657 757 726 superiores
781 672 844 710 esse
869 655 950 710 Galli

144 740 316 796 confiderent
335 751 362 795 et
380 749 491 795 nostros
509 739 685 795 multitudine
704 739 792 808 premi
809 736 949 809 viderent,

144 840 178 877 ex
190 823 320 876 omnibus
330 823 456 893 partibus
468 833 497 877 et
506 822 534 890 ii,
544 823 591 892 qui
605 821 806 876 munitionibus
819 821 949 876 contine·

143 905 253 973 bantur,
266 914 294 960 et
305 905 344 973 hi,
357 905 404 975 qui
417 906 455 958 ad
467 904 601 959 auxilium
614 912 809 966 convenerant,
823 903 949 960 clamore

143 998 172 1043 et
184 988 290 1042 ululatu
308 1004 421 1042 suorum
439 987 547 1041 animos
565 985 780 1041 confirmabant.
819 983 905 1054 Qubd
918 987 949 1042 in

145 1080 297 1140 conspectu
315 1070 442 1125 omnium
462 1087 508 1124 res
526 1069 681 1137 gerebatur,
700 1085 791 1138 neque
814 1067 890 1124 recte
912 1066 968 1128 ac'

144 1153 261 1222 turpiter
277 1153 384 1207 factum
406 1153 490 1208 celari
515 1162 633 1222 poterat,
652 1161 784 1222 utrosque
804 1162 833 1207 et
852 1154 950 1211 laudis

145 1234 284 1306 cupiditas
308 1245 336 1289 et
360 1235 444 1289 timor
467 1235 630 1302 ignominiae
649 1236 686 1288 ad
706 1235 838 1290 virtutem
861 1237 949 1292 excit·

145 1317 220 1371 abat.
258 1318 352 1385 Quum
373 1334 391 1371 a
409 1317 524 1372 meridie
548 1334 635 1388 prope
659 1317 696 1371 ad
720 1318 787 1371 solis
811 1333 949 1375 occasum

144 1399 231 1454 dubia
249 1399 366 1453 victoria
389 1411 567 1469 pugnaretur,
588 1400 721 1456 Germani
741 1406 798 1455 una
817 1401 846 1455 in
866 1412 950 1470 parte

144 1481 276 1538 consertis
289 1482 387 1536 turmis
400 1483 429 1537 in
442 1485 538 1538 hostes
555 1484 691 1553 impetum
704 1482 828 1537 fecerunt
840 1499 950 1554 eosque

143 1564 339 1637 propulerunt3
358 1565 459 1635 quibus
479 1567 508 1620 in
527 1566 623 1635 fugam
643 1565 788 1633 conjectis,
806 1567 948 1634 sagittarii

143 1649 325 1704 circumventi
347 1646 541 1717 interfectique
566 1657 639 1701 sunt.
678 1649 751 1702 Item
772 1665 806 1701 ex
830 1648 948 1719 reliquis

143 1731 268 1800 partibus
282 1728 370 1783 nostri
382 1730 514 1785 cedentes
533 1746 622 1800 usque
642 1730 679 1783 ad
699 1740 792 1784 castra
804 1729 948 1802 insequuti

143 1812 186 1866 sui
209 1810 359 1880 colligendi
383 1812 548 1867 facultatem
571 1829 629 1865 non
654 1811 799 1867 dederunt.
847 1816 887 1870 At
917 1817 948 1888 ii,

143 1895 191 1964 qui
210 1894 247 1946 ab
265 1893 363 1948 Alesia
382 1903 585 1965 processerant,
605 1896 706 1963 maesti,
724 1894 810 1965 prope
828 1896 949 1956 victoria

143 1977 298 2045 desperata,
311 1993 342 2030 se
355 1975 384 2030 in
397 1978 532 2047 oppidum
544 1988 714 2046 receperunt.

181 2059 315 2118 LXXXI.
337 2059 403 2114 Uno
429 2059 475 2114 die
493 2059 662 2128 intermisso,
683 2061 765 2130 Galli,
784 2071 869 2133 atque
889 2064 947 2122 hoc

142 2142 238 2211 spatio
269 2159 374 2210 magno
412 2141 540 2211 cratium,
570 2145 718 2213 scalamm,
749 2146 946 2215 harpagonum

141 2240 257 2278 numero
282 2224 392 2292 effecto,
418 2226 513 2280 media
536 2235 620 2281 nocte
650 2227 760 2282 silentio
785 2246 819 2282 ex
843 2232 945 2285 castris

140 2306 245 2375 egressi
256 2307 293 2361 ad
302 2317 475 2377 campestres
486 2310 657 2364 munitiones
668 2311 816 2365 accedunt.
842 2312 945 2368 Subitb

140 2390 263 2444 clamore
276 2391 396 2458 sublato,
415 2398 472 2459 qua
490 2390 703 2460 significatione,
716 2394 764 2464 qui
785 2395 814 2448 in
837 2395 944 2465 oppido

139 2471 350 2539 obsidebantur,
363 2471 399 2525 de
419 2488 470 2526 suo
491 2473 613 2528 adventu
635 2492 805 2544 cognoscere
817 2489 943 2548 possent,

139 2564 230 2610 crates
250 2554 395 2625 projicere,
413 2554 517 2617 fundis,
531 2556 648 2626 sagittis,
668 2557 810 2627 lapidibus
829 2569 943 2617 nostros

140 2634 176 2689 de
194 2638 268 2690 vallo
281 2636 455 2705 proturbare,
468 2636 638 2707 reliquaque,
651 2656 715 2708 quae
735 2639 772 2694 ad
794 2658 940 2713 oppugna·

90 2918 160 3052 ἱ
