1996 3144
228 638 264 702 C.
301 637 428 720 JULII
458 636 686 709 'CAESARIS

178 822 248 885 DE
285 819 460 884 BELLO
499 820 743 886 GALLICO

227 990 229 994 '
275 1007 403 1060 urrisu>
428 1005 639 1061 surtinus,

362 1205 519 1218 ..φ-

98 1349 121 1402 Ι.
142 1349 263 1416 Quum
292 1348 389 1411 Gallia,
421 1350 526 1416 Caesar,
550 1357 581 1403 ut
607 1348 798 1416 constituerat,
829 1351 858 1403 in

63 1429 177 1484 ltaliam
197 1430 235 1484 ad
255 1437 409 1485 conventus
430 1431 556 1499 agendos
581 1431 776 1500 proficiscitur.
815 1431 860 1486 Ibi

62 1511 208 1580 cognoscit
237 1512 273 1566 de
305 1509 397 1567 Clodii
422 1512 509 1581 caede,
533 1518 703 1580 senatusque
731 1513 859 1567 consulto

61 1593 162 1647 certior
174 1594 265 1650 factus
278 1603 309 1648 ut
321 1609 418 1648 omnes
427 1592 553 1662 juniores
574 1593 663 1648 ltaliae
682 1593 860 1663 conjurarent

62 1674 201 1730 delectum
214 1684 274 1731 tota
292 1674 436 1745 provincia
457 1675 561 1731 habere
580 1675 708 1729 instituit.
747 1677 797 1729 Eae
814 1692 859 1730 res

61 1755 91 1808 in
123 1758 246 1812 Galliam
277 1757 494 1827 Transalpinam
520 1758 645 1812 celeriter
673 1757 857 1827 perferuntur.

60 1838 179 1895 Addunt
191 1840 245 1910 ipsi
257 1850 285 1894 et
298 1838 434 1906 affingunt
455 1840 614 1894 rumoribus
629 1839 712 1902 Galli,
725 1840 802 1908 quod
814 1855 859 1894 res

61 1936 178 1988 poscere
189 1921 346 1989 videbatur,
358 1921 470 1975 retineri
492 1922 600 1975 urbano
613 1929 691 1975 motu
716 1921 858 1974 Caesarem

61 2018 152 2071 neque
165 2003 193 2057 in
205 2004 292 2057 tantis
305 2002 528 2058 dissensionibus
542 2004 579 2057 ad
599 2003 751 2057 exercitum
763 2001 858 2055 venire

61 2100 154 2152 posse.
192 2085 255 2138 Hac
277 2084 389 2154 impulsi
412 2086 568 2155 occasione,
591 2086 638 2155 qui
656 2084 718 2154 jam
739 2080 805 2137 ante
827 2099 858 2137 se

61 2169 156 2238 populi
170 2171 292 2225 Romani
305 2169 422 2239 imperio
435 2169 575 2239 subjectos
595 2170 729 2234 dolerent,
742 2165 856 2222 liberius

61 2262 147 2323 atque
168 2254 303 2310 audacius
328 2256 364 2310 de
385 2254 459 2308 bello
480 2255 598 2308 consilia
618 2255 688 2309 inire
710 2252 856 2322 incipiunt.

63 2335 180 2391 Indictis
193 2338 265 2392 inter
275 2355 304 2392 se
315 2337 456 2406 principes
470 2337 570 2390 Galliae
583 2338 707 2392 conciliis
724 2333 855 2390 silvestri·
923 2402 925 2406 ι

61 2416 114 2471 bus
126 2436 159 2473 ac
172 2420 284 2474 remotis
297 2419 366 2474 locis
379 2426 531 2487 queruntur
549 2420 585 2474 de
605 2419 728 2474 Acconis
746 2426 853 2482 morte;

60 2516 144 2569 posse
155 2502 230 2557 hunc
243 2518 340 2558 casum
352 2500 390 2554 ad
408 2500 484 2569 ipsos
503 2502 625 2556 recidere
643 2503 835 2556 demonstrant
846 2516 853 2560 ;

60 2581 229 2638 miserantur
241 2599 419 2640 communem
433 2582 533 2637 Galliae
545 2584 685 2638 fortunam
696 2603 703 2648 ;
722 2580 853 2635 omnibus

59 2663 306 2731 pollicitationibus
328 2681 362 2718 ac
387 2663 514 2734 praemiis
539 2665 716 2737 deposcunt,
732 2655 879 2728 udum&

93 2762 164 2806 callo
174 2764 237 2815 War,
247 2765 308 2808 Book
320 2764 376 2813 711.
761 2751 786 2790 3
