1996 3144
181 186 242 239 DE
259 185 395 240 BELLO
415 184 599 255 GALLICO,
617 186 696 240 LIB.
721 186 781 241 VII.
826 232 831 241 .
851 201 878 239 11

89 325 190 378 Galliae
220 326 325 392 urbem,
357 316 419 394 quie
449 325 581 394 praesidio
611 334 640 379 et
657 335 821 380 ornamento
846 327 885 379 sit

85 405 201 473 civitati,
215 407 272 460 suis
285 407 416 460 manibus
426 408 596 461 succendere
607 417 787 476 cogerentur;
801 407 882 462 facile

85 504 116 541 se
137 489 191 542 loci
213 496 315 542 natura
336 489 501 542 defensuros
523 490 627 556 dicunt,
646 489 730 559 qubd,
742 489 828 558 prope
848 507 882 544 ex

84 571 214 624 omnibus
238 571 366 639 partibus
388 571 503 625 flumine
526 580 554 625 et
573 572 676 640 palude
700 572 881 639 circumdata,

84 669 170 707 unum
200 654 304 707 habeat
334 661 362 706 et
388 663 590 722 perangustum
619 655 734 708 aditum
791 656 882 708 Datur

84 735 243 802 petentibus
256 735 346 803 venia,
355 734 538 789 dissuadente
545 734 635 804 primb
645 736 881 804 Vercingetorige,

40 856 42 861 -
84 815 148 883 pbst
161 819 333 872 concedente
345 829 372 873 et
380 817 510 887 precibus
521 818 644 887 ipsorum
653 827 681 870 et
690 818 881 871 misericordia

83 900 167 966 vulgi.
205 900 375 955 Defensores
388 899 492 970 oppido
506 900 599 954 idonei
612 897 778 967 deliguntur.

119 982 198 1034 XVI.
218 983 429 1049 Vercingetorix
448 983 603 1036 minoribus
617 983 759 1035 Caesarem
777 981 881 1036 itineri-

83 1063 136 1118 bus
150 1064 331 1134 subsequitur
343 1073 371 1117 et
394 1065 488 1117 locum
509 1065 608 1117 castris
622 1063 718 1132 deligit
731 1064 880 1131 paludibus
914 1068 917 1071 ’

84 1146 217 1215 silvisque
230 1147 377 1208 munitum,
391 1147 428 1199 ab
437 1146 556 1199 Avarico
567 1144 734 1213 longbmilia
746 1162 880 1214 passuum

84 1229 234 1282 sexdecim.
273 1229 316 1282 lbi
338 1246 388 1297 per
406 1237 496 1282 certos
516 1229 704 1297 exploratores
724 1229 753 1281 in
771 1230 881 1297 singula

83 1311 139 1363 diei
164 1320 300 1379 tempora,
324 1328 388 1380 quae
415 1312 453 1365 ad
477 1311 628 1364 Avaricum
653 1313 809 1378 agerentur,
835 1328 879 1364 co-

82 1392 238 1461 gnoscebat
250 1402 286 1460 et,
299 1394 367 1462 quid
387 1393 446 1446 fieri
465 1393 556 1460 vellet,
570 1393 734 1460 imperabat.
772 1394 879 1446 Omnes

53 1526 56 1531 .
83 1484 193 1528 nostras
206 1473 690 1543 pabulationesfrumentationesque
704 1475 880 1543 observabat,
938 1485 941 1491 “

82 1557 287 1626 dispersosque,
300 1573 386 1626 quum
398 1555 509 1623 longius
523 1558 681 1610 necessario
689 1558 880 1625 procederent,

82 1637 261 1692 adoriebatur
279 1653 439 1706 magnoque
454 1637 634 1690 incommodo
647 1638 787 1691 afficiebat
799 1658 806 1702 ;
820 1640 880 1707 etsi,

81 1720 219 1789 quantum
248 1721 357 1775 ratione
386 1719 526 1788 provideri
556 1728 675 1788 poterat,
704 1721 741 1773 ab
777 1722 879 1776 nostris

81 1804 286 1871 occurrebatur,
313 1811 344 1856 ut
365 1801 479 1857 incertis
507 1801 678 1871 temporibus
704 1802 879 1873 diversisque

82 1885 228 1939 itineribus
240 1885 332 1939 iretur.

118 1968 214 2022 XVll.
236 1967 343 2022 Castris
374 1968 412 2022 ad
435 1985 498 2023 eam
524 1977 632 2036 partem
657 1966 754 2036 oppidi
774 1967 881 2036 positis.

83 2051 185 2116 Caesar,
208 2067 272 2119 quae
291 2049 452 2104 intermissa
471 2067 488 2103 a
508 2049 621 2104 flumine
647 2060 674 2103 et
693 2066 711 2103 a
729 2050 879 2118 paludibus

81 2133 198 2199 aditum,
228 2141 260 2186 ut
290 2129 375 2201 supr'a
404 2131 535 2196 diximus,
565 2142 716 2200 angustum
747 2131 878 2198 habebat,

80 2228 213 2281 aggerem
234 2229 382 2282 apparare,
403 2212 501 2268 vineas
523 2229 614 2281 agere,
627 2222 716 2266 turres
730 2212 800 2265 duas
813 2230 878 2266 con·

79 2296 193 2349 stituere
222 2295 327 2363 coepit;
357 2310 426 2348 nam
455 2295 664 2348 circumvallare
694 2294 748 2347 loci
778 2303 879 2347 natura

79 2376 254 2445 prohibebat.
293 2378 337 2430 De
350 2377 569 2431 resmmentarir‘t
579 2376 664 2430 Boios
673 2385 758 2445 atque
767 2376 878 2431 AEduos

79 2457 222 2512 adhortari
244 2475 301 2511 non
314 2458 420 2513 destitit
431 2479 438 2526 ;
458 2474 576 2527 quorum
596 2459 684 2526 alteri,
707 2457 782 2528 quod
800 2460 878 2513 nullo

79 2540 173 2594 studio
185 2540 315 2607 agebant,
324 2557 382 2593 non
389 2538 510 2594 multirm
519 2539 692 2608 adjuvabant
705 2559 712 2604 ;
731 2541 810 2595 alteri
819 2556 878 2594 non

78 2620 189 2690 magnis
210 2622 399 2684 facultatibus
426 2618 504 2691 quod
525 2621 625 2675 civitas
647 2631 708 2675 erat
729 2623 829 2691 exigua
848 2633 879 2676 et

79 2703 198 2770 infirma,
212 2703 344 2771 celeriter,
358 2703 434 2772 quod
454 2701 628 2771 habuerunt,
638 2709 902 2767 consumpserunt.
