1996 3144
108 361 127 413 4
323 342 352 396 c
372 340 493 411 JULJJ
508 339 696 394 cAEsAnrs

106 485 183 540 domi
191 483 321 555 quodque
329 491 395 536 ante
402 489 513 550 tempus
521 480 624 536 efficiat
636 479 779 536 constituit
791 498 798 544 3
812 480 906 550 impri-

105 569 159 624 mis
172 566 308 638 equitatui
318 565 419 621 studet.
457 565 582 618 Summae
601 563 753 632 diligentiae
765 579 902 617 summam

105 651 214 721 imperii
234 649 411 703 severitatem
429 646 528 714 addit;
555 645 749 716 magnitudine
776 645 905 714 supplici

106 735 266 788 dubitantes
289 731 371 800 cogit.
410 732 487 783 Nam
506 730 612 799 majore
634 729 785 783 commisso
804 726 906 780 delicto

106 817 170 884 igne
194 825 279 884 atque
307 813 438 867 omnibus
456 811 603 866 tormentis
624 820 725 874 necat;
750 810 853 863 leviore
871 808 907 861 de

107 903 191 952 causi
202 898 316 951 auribus
336 895 456 950 desectis
478 903 526 948 aut
548 893 665 962 singulis
684 892 793 946 effossis
814 890 903 944 oculis

107 981 222 1034 domum
253 977 376 1044 remittit,
402 985 434 1030 ut
460 976 517 1030 sint
542 976 657 1044 reliquis
681 975 850 1028 documento
875 981 903 1027 et

107 1061 303 1130 magnitudine
314 1076 409 1130 poenae
421 1067 594 1128 perterreant
607 1059 686 1111 alios.
819 1060 822 1066 '

143 1145 178 1198 V.
198 1145 253 1197 His
273 1141 417 1212 suppliciis
436 1141 562 1195 celeriter
574 1149 672 1194 coacto
685 1139 815 1206 exercitu,
832 1140 901 1192 Luc-

108 1229 209 1281 terium
223 1226 392 1293 Cadurcum,
405 1240 523 1278 summae
535 1223 679 1276 hominem
692 1222 827 1290 audaciae,
840 1238 905 1276 cum

108 1319 187 1378 parte
202 1308 346 1376 copiarum
359 1307 387 1358 in
402 1308 529 1359 Rutenos
538 1303 624 1359 mittit
635 1324 642 1369 ;
655 1305 715 1374 ipse
728 1305 757 1358 in
768 1305 906 1371 Bituriges

109 1389 301 1458 proficiscitur.
345 1388 415 1456 Ejus
438 1386 561 1440 adventu
582 1386 721 1455 Bituriges
740 1387 777 1439 ad
789 1386 907 1451 AEduoS,

110 1487 228 1541 quorum
249 1477 328 1524 erant
348 1468 376 1521 in
397 1468 462 1534 fide,
482 1468 589 1536 legatos
615 1469 730 1522 mittunt
750 1467 908 1522 subsidium

108 1563 244 1621 rogatum,
256 1549 312 1620 qub
324 1547 434 1603 facilius
447 1550 572 1604 hostium
585 1551 681 1619 copias
694 1551 830 1605 sustinere
842 1565 907 1618 pos·

110 1636 173 1689 sint.
211 1633 297 1687 AEdui
311 1632 348 1686 de
360 1631 479 1686 consilio
498 1633 662 1700 legatorum,
676 1649 747 1703 quos
762 1634 857 1686 Caesar
870 1630 908 1684 ad

110 1717 261 1772 exercitum
272 1714 431 1783 reliquerat,
445 1713 541 1782 copias
561 1716 700 1785 equitatus
713 1715 910 1786 peditatusque

111 1798 236 1854 subsidio
250 1794 421 1863 Biturigibus
430 1795 552 1849 mittunt.
590 1797 646 1865 Qui
656 1813 742 1866 quum
755 1796 792 1849 ad
804 1797 908 1849 flumen

112 1880 232 1948 Ligerim
241 1878 391 1939 venissent,
402 1877 479 1946 quod
491 1877 630 1946 Bituriges
641 1878 678 1931 ab
687 1877 789 1931 AEduis
799 1876 910 1944 dividit,

110 1975 216 2031 paucos
230 1959 291 2012 dies
304 1957 343 2010 ibi
356 1958 457 2011 morati
479 1973 571 2027 neque
593 1957 697 2011 flumen
716 1958 836 2012 transire
848 1959 909 2011 ausi

113 2043 229 2095 domum
250 2040 434 2106 revertuntur,
447 2040 604 2109 legatisque
626 2039 729 2093 nostris
746 2040 909 2093 renuntiant

111 2141 141 2178 se
155 2123 313 2189 Biturigum
325 2121 473 2191 perfidiam
485 2122 590 2176 veritos
602 2121 759 2191 revertisse,
772 2121 873 2191 quibus
881 2123 910 2176 id

112 2204 220 2260 consilii
233 2204 320 2258 fuisse
334 2205 526 2270 cognoverint,
539 2211 578 2272 ut,
589 2204 612 2256 si
620 2204 725 2257 fiumen
735 2204 909 2272 transissent,

112 2294 168 2341 uni
178 2303 212 2341 ex
224 2294 304 2355 parte
317 2284 379 2354 ipsi,
392 2286 478 2339 alteri
489 2285 607 2338 Arverni
620 2301 650 2338 se
663 2285 908 2341 circumsisterent.

115 2369 149 2422 Id
161 2378 229 2423 enne
241 2368 277 2422 de
295 2373 389 2434 causa,
402 2384 487 2436 qnam
507 2368 606 2435 legatis
627 2367 850 2436 pronuntisirunt,
872 2385 909 2423 an

110 2449 228 2518 perfidia
242 2448 357 2502 adducti
369 2449 494 2516 fecerint,
507 2448 583 2518 qubd
604 2449 675 2502 nihil
693 2451 776 2505 nobis
790 2460 908 2518 constat,

111 2549 167 2585 non
179 2532 289 2585 videtur
300 2546 351 2600 pro
364 2540 440 2584 certo
461 2546 523 2584 esse
542 2530 791 2601 [pro]ponendum.
831 2532 909 2585 Bitu·

113 2613 187 2681 riges
207 2628 305 2667 eorum
321 2611 448 2666 discessu
467 2612 563 2666 statim
589 2630 655 2667 cum
678 2615 812 2668 Arvernis
828 2613 910 2683 jung·

72 2734 74 2740 -
112 2705 205 2749 untur.

145 2777 197 2830 VI.
218 2775 273 2829 His
285 2776 368 2831 rebus
381 2775 410 2829 in
425 2776 538 2830 Italiam
552 2777 658 2832 Caesari
670 2777 815 2846 nuntiatis,
823 2796 909 2849 quum

107 2856 168 2930 jam
180 2855 227 2911 ille
238 2856 361 2912 urbanas
378 2873 421 2912 res
440 2858 541 2912 virtute
560 2859 612 2914 Cn.
626 2859 743 2929 Pompei
763 2860 906 2914 commod·
