1996 3144
182 223 242 276 DE
259 222 395 277 Burro
415 223 600 293 caturco,
619 225 697 278 rra.
722 226 781 280 VJ!
846 240 878 295 35

81 362 177 416 movit.
209 362 383 418 Conantibus
393 362 519 418 auxiliari
527 363 593 433 suis,
604 365 767 438 “Frustra’'
780 365 879 435 inquit,

80 444 176 500 “meae
193 445 259 499 vitae
271 445 420 500 subvenire
435 446 584 514 conamini,
598 464 682 517 quem
691 447 752 516 jam
765 448 878 517 sanguis

79 525 207 597 viresque
215 527 358 582 deliciunt.
398 528 518 582 Proinde
529 530 612 596 abite,
621 530 689 583 dum
699 540 742 583 est
750 530 879 597 facultas,

79 626 185 681 vosque
206 611 243 665 ad
264 610 405 678 legionem
424 611 563 681 recipite.’'
601 614 646 666 lta
664 627 793 681 pugnans
813 622 878 683 post

79 693 194 761 paulum
207 693 331 749 concidit
342 709 376 747 ac
390 693 449 748 suis
462 693 545 749 saluti
558 693 618 748 fuit.

115 775 163 830 LI.
184 776 289 844 Nostri,
301 792 388 846 quum
401 776 526 845 undique
545 785 746 846 premerentur,
757 775 877 847 quadra·

10 856 12 860 ’
78 857 159 926 ginta
171 874 218 912 sex
240 858 448 913 centurionibus
466 858 587 927 amissis,
600 858 701 927 dejecti
721 868 786 912 sunt
804 859 876 912 loco.

79 939 136 994 Sed
149 938 343 995 intolerantius
358 941 456 995 Gallos
476 939 655 1011 insequentes
673 941 747 1010 legio
767 940 877 994 decima

78 1021 209 1090 tardavit,
234 1039 299 1092 quae
322 1039 374 1091 pro
400 1022 526 1076 subsidio
551 1021 635 1092 paulb
665 1023 788 1092 aequiore
812 1023 875 1076 loco

78 1105 249 1159 constiterat.
288 1105 372 1158 Hanc
390 1101 486 1159 rursirs
508 1105 628 1159 decimae
649 1106 738 1159 tertiae
756 1103 875 1173 legionis

78 1186 208 1240 cohortes
232 1195 407 1257 exceperunt,
432 1204 495 1257 quae
526 1205 559 1240 ex
591 1187 691 1243 castris
721 1186 876 1242 minoribus

83 1269 195 1323 eductae
217 1284 281 1323 cum
302 1269 368 1324 Tito
393 1269 488 1324 Sextio
511 1270 604 1340 legato
629 1279 760 1340 ceperant
783 1271 874 1325 locum

78 1351 257 1420 superiorem.
296 1351 440 1424 Legiones,
459 1351 508 1405 ubi
526 1350 649 1422 primum
661 1351 810 1422 planitiem
830 1363 873 1407 at·

76 1435 206 1503 tigerunt‚
225 1434 335 1489 infestis
354 1444 452 1488 contra
464 1434 559 1490 hostes
579 1436 667 1504 signis
680 1437 872 1505 constiterunt.

76 1515 290 1584 Vercingetorix
310 1517 346 1569 ab
364 1518 505 1571 radicibus
525 1518 604 1572 collis
618 1534 683 1571 suos
703 1518 776 1571 intra
795 1535 874 1572 mun·

75 1599 176 1654 itiones
188 1597 305 1653 reduxit.
343 1599 387 1652 Eo
407 1599 452 1652 die
472 1600 577 1652 'milites
590 1609 655 1654 sunt
675 1597 758 1668 paulb
780 1598 873 1654 minius

75 1680 244 1752 septingenti
257 1680 415 1736 desiderati.

112 1764 174 1819 LII.
190 1765 306 1818 Postero
313 1762 359 1817 die
368 1762 612 1832 Caesar,concione
622 1763 766 1832 advocata,
775 1772 874 1818 temer-

75 1846 172 1901 itatem
191 1845 431 1916 cupiditatemque
452 1846 573 1901 militum
591 1847 777 1917 reprehendit,
797 1843 873 1916 quod

77 1929 130 1983 sibi
149 1928 204 1998 ipsi
219 1928 423 1998 judicavissent
442 1927 497 1999 quo
515 1930 725 1998 procedendum
744 1939 792 1983 aut
805 1928 873 1998 quid

76 2013 217 2081 agendum
230 2012 386 2077 videretur;
405 2027 505 2082 neque,
525 2012 605 2080 signo
625 2010 778 2082 recipiendi
798 2009 872 2078 dato,

76 2093 277 2156 constitissent,
290 2108 381 2163 neque
399 2093 436 2146 ab
449 2093 568 2147 tribunis
586 2094 707 2147 militurn
719 2089 873 2161 legatisque

75 2176 187 2231 retineri
205 2174 369 2245 potuissent.
409 2176 556 2246 Exposuit,
575 2175 643 2245 quid
665 2174 798 2243 iniquitas
819 2173 873 2226 loci

75 2267 178 2327 posset,
192 2258 258 2327 quid
277 2259 337 2328 ipse
350 2261 387 2314 ad
399 2259 551 2312 Avaricum
563 2258 705 2318 sensisset,
715 2272 801 2325 quum
813 2255 875 2306 sine

11 2353 21 2370 ·
75 2341 147 2395 duce
160 2350 187 2395 et
200 2342 260 2394 sine
273 2343 396 2411 equitatu
410 2338 593 2411 deprehensis
606 2338 734 2392 hostibus
748 2337 873 2405 explora-

74 2433 135 2478 tam
147 2423 295 2477 victoriam
314 2424 476 2492 dimisisset,
489 2440 525 2476 ne
543 2438 661 2491 parvum
681 2415 767 2473 modb
789 2416 872 2471 detri-

74 2515 200 2561 mentum
213 2506 242 2560 in
256 2507 435 2562 contentione
447 2514 560 2576 propter
572 2503 748 2573 iniquitatem
760 2499 815 2553 loci
827 2515 873 2552 ac-

74 2588 186 2644 cideret.
225 2590 338 2658 Quanto
351 2606 433 2659 opere
446 2604 542 2643 eorum
553 2586 639 2640 animi
651 2582 874 2652 magnitudinem

73 2671 266 2738 admiraretur,
303 2688 374 2741 quos
411 2688 468 2724 non
504 2680 660 2724 castrorum
696 2666 888 2724 munitiones,

74 2768 133 2808 non
158 2753 277 2809 altitudo
308 2752 421 2822 montis,
441 2769 501 2809 non
520 2768 625 2808 murus
654 2747 759 2818 oppidi
782 2739 910 2794 tardans

448 2849 512 2895 Da
