1996 3144
96 243 128 295 14
306 227 335 282 C.
356 227 474 297 JULII
490 228 680 282 CAESARIS

92 366 168 440 qubd
180 368 240 437 ejus
253 369 377 422 discessu
392 368 513 422 Romani
534 375 613 423 tanta
635 370 841 438 opportunitate
863 380 891 426 et

92 451 233 506 celeritate
255 449 415 517 venissent;
434 465 493 503 non
510 450 573 504 haec
595 451 691 504 omnia
712 449 825 505 fortuito
841 462 890 506 aut

91 532 152 586 sine
182 533 298 587 consilio
328 531 456 586 accidere
486 531 628 601 potuisse;
666 547 783 600 regnum
812 533 890 587 illum

92 615 193 669 Galliae
222 616 306 668 malle
337 616 458 669 Caesaris
489 631 625 668 concessu
655 612 739 684 quiam
765 615 890 684 ipsorum

91 698 195 751 habere
218 696 373 751 beneficio:
400 698 449 751 tali
474 697 559 750 modo
586 706 736 751 accusatus
766 697 804 751 ad
828 699 890 751 haec

91 779 252 848 respondit:
273 775 356 846 Quod
377 787 470 832 castra
493 778 637 845 movisset,
662 778 769 833 factum
794 780 890 848 inopia

90 861 195 930 pabuli,
226 858 312 914 etiam
342 858 411 928 ipsis
441 858 620 912 hortantibus
632 878 639 924 ;
669 857 745 929 qudd
775 859 890 930 propius

91 944 236 997 Romanos
245 941 420 1007 accessisset,
429 957 595 1010 persuasum
603 940 657 994 loci
666 943 884 1011 opportunitate,

91 1025 138 1098 qui
152 1026 255 1095 seipse
273 1033 304 1079 ut
317 1023 473 1079 munitione
485 1023 647 1078 defenderet
659 1044 666 1088 ;
685 1024 811 1092 equitum
823 1043 890 1080 vero

91 1125 205 1178 operam
218 1123 309 1176 neque
330 1108 359 1160 in
380 1108 443 1161 loco
456 1105 574 1176 palustri
593 1104 746 1161 desiderari
759 1107 890 1162 debuisse

90 1204 119 1248 et
131 1194 186 1247 illic
208 1193 294 1247 fuisse
313 1190 487 1261 utilemque>
509 1192 565 1246 sint
578 1192 703 1259 profecti.
742 1193 889 1247 Summam

91 1275 199 1344 imperii
212 1291 242 1328 se
255 1272 383 1328 consulto
395 1273 464 1325 nulli
477 1273 669 1329 discedentem
683 1274 841 1338 tradidisse,
854 1293 890 1329 ne

90 1359 114 1412 is
126 1356 313 1411 multitudinis
327 1354 420 1408 studio
431 1354 468 1407 ad
482 1354 675 1408 dimicandum
685 1357 889 1425 impelleretur;

90 1441 135 1495 cui
164 1439 204 1492 rei
234 1448 347 1508 propter
374 1437 460 1490 animi
485 1437 632 1491 mollitiem
655 1440 768 1494 studere
791 1455 889 1494 omnes

90 1522 204 1589 videret,
222 1520 297 1614 quod
320 1516 425 1574 diutiirs
447 1520 572 1574 laborem
593 1520 664 1576 ferre
684 1538 742 1576 non
764 1529 888 1592 possent.

91 1603 212 1659 Romani
226 1603 250 1657 si
269 1619 337 1658 casu
357 1601 565 1671 intervenerint,
582 1602 709 1674 fortunae,
731 1605 755 1659 si
772 1605 889 1670 alicujus

90 1687 194 1742 indicio
214 1687 317 1753 vocati,
339 1685 405 1740 huic
424 1686 588 1740 habendam
613 1688 742 1755 gratiam,
764 1687 840 1757 qudd
861 1696 889 1739 et

90 1771 260 1837 paucitatem
281 1784 378 1821 eorum
390 1784 425 1821 ex
436 1767 498 1821 loco
512 1769 653 1836 superiore
672 1785 842 1836 cognoscere
861 1778 889 1823 et

88 1851 220 1905 virtutem
233 1849 377 1917 despicere
389 1848 539 1916 potuerint,
552 1850 600 1918 qui
613 1849 748 1903 dimicare
760 1867 817 1904 non
827 1862 902 1915 aust,

90 1934 206 2002 turpiter
218 1949 249 1986 se
271 1933 299 1985 in
313 1941 407 1986 castra
426 1931 588 2000 receperint.
628 1932 781 2002 Imperium
802 1950 833 1987 se
851 1935 888 1987 ab

92 2017 204 2070 Caesare
223 2031 273 2083 per
294 2012 482 2081 proditionem
503 2013 611 2068 nullum
631 2013 799 2081 desiderare,
812 2016 888 2085 quod

89 2098 194 2151 habere
214 2096 331 2149 victoria
351 2105 454 2164 posset,
474 2111 538 2164 quae
554 2096 616 2165 jam
636 2106 709 2151 esset
730 2097 783 2150 sibi
803 2107 888 2167 atque

90 2179 220 2233 omnibus
242 2178 331 2231 Gallis
356 2179 519 2247 explorata;
547 2179 614 2247 quin
641 2179 727 2232 etiam
752 2178 821 2248 ipsis
846 2195 887 2232 re-

89 2263 209 2329 mittere,
223 2260 245 2314 si
259 2260 312 2314 sibi
325 2259 416 2329 magis
439 2260 575 2313 honorem
597 2261 727 2329 tribuere,
747 2260 832 2331 quam
851 2262 888 2314 ab

90 2361 120 2398 se
142 2345 261 2398 salutem
287 2343 423 2412 accipere,
446 2343 602 2396 videantur.
638 2343 736 2398 “Haec
756 2353 787 2398 ut
808 2344 888 2397 intel·

89 2427 207 2494 ligatiS,”
222 2427 325 2494 inquit,
345 2427 389 2478 “a
412 2442 458 2478 me
485 2425 592 2478 sincere
615 2425 798 2494 pronuntiari,
817 2426 887 2478 aud·

89 2508 128 2562 ite
148 2509 292 2559 Romanos
316 2507 442 2559 milites.''
480 2506 612 2560 Producit
637 2523 740 2573 servos,
762 2522 832 2575 quos
858 2509 886 2560 in

89 2587 271 2657 pabulatione
289 2587 386 2655 paucis
404 2584 470 2658 ante
489 2586 588 2640 diebus
607 2596 754 2655 exceperat
771 2599 799 2642 et
811 2588 887 2642 same

90 2669 264 2738 vinculisque
273 2666 484 2722 excruciaverat.
523 2667 563 2720 Hi
569 2667 629 2736 jam
640 2667 704 2722 antb
712 2668 813 2736 edocti,
823 2674 886 2738 quae

91 2748 257 2818 interrogati
268 2746 487 2819 pronuntiarent,
497 2747 599 2802 milites
610 2763 639 2800 se
648 2764 710 2802 esse
718 2748 884 2818 legionarios
