1996 3144
95 215 129 269 2⁶
304 218 335 272 c.
354 214 473 287 Jozn
490 214 675 270 cAEsnnis

93 357 134 409 sic
156 364 261 424 tamen,
278 366 308 409 ut
326 355 514 425 justissimam
533 353 609 422 apud
622 369 686 406 eum
706 368 823 406 causam
841 350 891 406 ob·

94 438 206 492 tinuerit
218 456 225 502 ;
245 440 295 494 sed
307 438 370 508 plus
380 437 523 492 communi
532 435 654 490 libertati
667 436 796 489 tribuere.
836 436 892 489 Cur

94 521 169 574 enim
194 518 288 590 potitis
307 521 394 575 AEdui
413 522 448 574 de
471 537 523 574 suo
536 520 599 589 jure
617 528 644 573 et
664 519 699 573 de
721 519 829 586 legibus
853 516 891 570 ad

95 604 235 657 Caesarem
254 605 479 673 disceptatorem,
493 601 577 673 quam
591 601 712 656 Romani
731 601 768 654 ad
781 599 891 654 AEduos

91 685 225 740 veniant?
256 687 387 741 Celeriter
399 686 626 741 adolescentibus
634 694 663 739 et
673 684 799 738 oratione
812 699 890 751 mag·

90 772 205 827 istratus
217 782 244 828 et
257 774 372 842 praemio
390 773 526 835 deductis,
539 789 626 842 quum
638 789 670 827 se
682 773 726 826 vel
747 770 889 840 principes

91 854 151 924 ejus
174 855 283 909 consilii
308 857 367 910 fore
394 855 598 924 profiterentur,
622 854 694 908 ratio
723 852 887 922 perficiendi

92 938 275 1007 quaerebatur,
281 936 356 1009 qubd
366 937 507 993 civitatem
514 947 619 993 temere
629 938 667 992 ad
678 936 889 1005 suscipiendum

91 1020 197 1075 bellum
214 1020 316 1076 adduci
330 1037 414 1090 posse
425 1037 483 1074 non
502 1019 690 1074 confidebant.
732 1017 840 1072 Placuit
858 1027 889 1070 ut

94 1102 254 1158 Litaviccus
278 1104 377 1158 decem
396 1103 450 1156 illis
471 1103 603 1171 millibus,
628 1119 692 1173 quae
719 1100 826 1155 Caesari
851 1099 889 1152 ad

92 1185 197 1238 bellum
210 1185 393 1250 mitterentur,
406 1185 602 1253 praeficeretur,
615 1195 699 1254 atque
713 1200 747 1238 ea
759 1182 890 1235 ducenda

93 1274 210 1334 curaret,
221 1264 375 1335 fratresque
391 1266 450 1333 ejus
463 1268 501 1319 ad
514 1267 656 1319 Caesarem
676 1270 887 1334 praecurrerent.

93 1349 212 1417 Reliqua
225 1354 281 1418 qua
293 1347 401 1402 ratione
413 1347 459 1415 agi
468 1348 586 1416 placeat,
600 1348 781 1401 constituunt.

127 1431 297 1484 XXXVIII.
335 1431 491 1484 Litaviccus
513 1440 629 1501 accepto
650 1430 780 1495 exercitu,
801 1444 889 1498 quum

91 1513 180 1568 millia
203 1530 339 1584 passuum
358 1513 468 1569 circiter
486 1516 601 1584 triginta
619 1515 656 1569 ab
682 1513 822 1582 Gergovia
840 1512 888 1565 ab·

91 1606 173 1664 esset,
186 1597 347 1652 convocatis
368 1595 461 1652 subito
474 1598 609 1653 militibus
622 1599 783 1659 lacrimans,
797 1595 889 1663 “Quo

91 1681 317 1750 proficiscimur,”
348 1682 445 1750 inquit,
470 1680 487 1711 “
496 1682 622 1736 milites?
660 1681 761 1736 Omnis
792 1685 889 1732 noster

91 1763 241 1830 equitatus,
260 1761 351 1815 omnis
372 1762 505 1816 nobilitas
524 1764 647 1827 interiit;
668 1760 809 1831 principes
832 1759 888 1813 civ·

90 1843 176 1909 itatis,
196 1843 370 1912 Eporedorix
388 1853 416 1898 et
428 1845 632 1913 Viridomarus,
654 1843 807 1898 insimulati
826 1858 888 1910 pro-

91 1924 214 1988 ditionis,
226 1925 263 1978 ab
277 1926 421 1994 Romanis,
435 1925 543 1981 indicta
555 1933 651 1995 causa,
663 1925 801 1980 interfecti
815 1931 887 1977 sunt.

92 2008 164 2061 Haec
177 2008 214 2060 ab
222 2006 290 2077 ipsis
301 2011 470 2076 cognoscite,
484 2010 531 2080 qui
541 2027 575 2064 ex
587 2011 649 2079 ipsa
657 2008 734 2063 caede
743 2008 889 2075 sugerunt;

90 2106 158 2144 nam
170 2106 231 2158 ego,
243 2090 375 2144 fratribus
389 2101 473 2162 atque
492 2093 625 2146 omnibus
638 2091 709 2145 meis
723 2089 888 2160 propinquis

91 2172 253 2239 intersectis,
266 2172 362 2226 dolore
380 2175 540 2243 prohibeor,
553 2191 617 2244 quae
636 2182 717 2242 gesta
735 2182 808 2233 sunt,
826 2188 889 2240 pro-

91 2254 259 2309 nuntiarei'’
298 2255 496 2311 Producuntur
514 2256 552 2324 hi,
577 2273 647 2326 quos
666 2256 712 2310 ille
729 2255 889 2322 edocuerat,

91 2354 156 2407 quae
173 2337 229 2391 dici
241 2337 334 2405 vellet,
347 2348 432 2408 atque
450 2339 558 2406 eadem,
572 2355 636 2408 quae
655 2338 813 2392 Litaviccus
826 2352 889 2406 pro·

91 2420 275 2486 nuntiaverat,
288 2420 459 2474 multitudini
475 2431 628 2490 exponunt:
646 2417 774 2491 [multos]
782 2418 889 2487 equites

91 2500 506 2572 AEduoruminterfectos,qubd
514 2503 666 2574 colloquuti
679 2518 743 2557 cum
752 2499 886 2555 Arvernis

91 2582 265 2650 dicerentur;
294 2584 371 2654 ipsos
390 2601 422 2639 se
442 2585 515 2638 inter
538 2585 746 2641 multitudinem
766 2581 887 2636 militum

91 2665 246 2720 occultasse
275 2676 361 2737 atque
385 2683 420 2722 ex
438 2667 533 2723 media
556 2669 636 2723 caede
662 2667 775 2734 fugisse.
812 2663 888 2716 Con-

91 2747 215 2803 clamant
225 2748 321 2820 AEdui,
331 2759 359 2805 et
370 2749 544 2806 Litaviccum
556 2750 706 2806 obsecrant
714 2756 745 2802 ut
758 2746 811 2800 sibi
820 2761 889 2800 con·

287 2950 380 2970 *-
