1996 3144
108 239 142 290 24
318 225 347 278 c.
367 223 485 293 JULII
501 223 686 278 cAEsAms

108 372 263 431 conspectu
288 361 399 434 fereque
425 379 441 418 e
464 364 577 432 regione
602 365 701 419 castris
720 373 812 419 castra
837 379 906 432 pon·

107 455 174 515 eret,
187 447 330 516 dispositis
342 448 573 517 exploratoribus,
586 448 687 502 necubi
701 449 800 503 effecto
818 457 905 516 ponte

108 530 230 582 Romani
238 530 335 599 copias
348 531 534 599 traducerent,
547 538 606 584 erat
620 530 648 584 in
661 530 771 599 magnis
786 529 906 584 Caesaris

108 609 318 666 difficultatibus
330 630 385 680 res,
398 629 434 667 ne
454 613 591 682 majorem
610 613 717 667 aestatis
736 623 845 682 partem
857 612 907 665 flu-

107 693 184 747 mine
197 693 385 762 impediretur,
399 691 475 764 qubd
496 710 552 748 non
573 692 629 748 ferb
648 705 716 749 ante
737 703 905 748 autumnum

107 776 210 829 Elaver
221 776 295 829 vado
308 775 419 831 transiri
433 777 511 830 solet.
551 778 657 846 ltaque,
667 792 704 832 ne
716 775 745 830 id
757 777 907 844 accideret,

107 857 227 912 silvestri
240 858 302 912 loco
315 859 415 913 castris
427 857 527 927 positis
540 875 556 912 e
576 858 689 927 regione
707 860 789 913 unius
808 875 905 913 eorum

105 941 243 1012 pontium,
265 958 335 1011 quos
357 940 570 1010 Vercingetorix
588 942 789 996 rescindendos
808 959 905 997 curav·

105 1033 173 1090 erat,
186 1033 298 1094 postero
311 1024 358 1078 die
371 1041 436 1078 cum
449 1024 558 1078 duabus
570 1024 727 1093 legionibus
746 1026 775 1078 in
794 1026 905 1080 occulto

104 1106 206 1162 restitit
216 1126 224 1173 3
237 1107 359 1176 reliquas
369 1106 465 1177 copias
475 1123 540 1161 cum
548 1107 678 1162 omnibus
689 1106 903 1176 impedimentis,

104 1199 135 1243 ut
148 1198 338 1256 consueverat,
351 1189 436 1258 misit,
448 1190 540 1260 captis
553 1190 723 1260 quibusdam
733 1190 902 1256 cohortibus,

103 1271 144 1324 uti
168 1287 300 1325 numerus
330 1271 474 1339 legionum
498 1282 628 1326 constare
652 1272 799 1327 videretur.
839 1272 902 1334 His,

102 1351 186 1424 quiam
204 1352 367 1422 longissimi
387 1361 511 1422 possent,
531 1353 624 1422 egredi
635 1353 729 1421 jussis,
743 1369 830 1422 quum
840 1354 902 1422 jam

101 1451 136 1491 ex
148 1436 203 1490 diei
216 1444 341 1505 tempore
354 1436 543 1504 conjecturam
552 1445 673 1505 ceperat,
688 1434 717 1488 in
731 1446 824 1490 castra
835 1432 899 1505 ¹per·

103 1527 236 1585 ventum;
254 1517 346 1574 isdem
366 1518 488 1587 sublicis,
502 1535 621 1587 quarum
641 1534 707 1587 pars
727 1518 841 1572 inferior
860 1517 900 1571 in·

102 1612 180 1671 tegra
192 1602 365 1670 remanebat,
377 1611 492 1671 pontem
506 1602 618 1656 reficere
636 1601 730 1672 coepit.
768 1601 901 1657 Celeriter

100 1684 199 1739 effecto
212 1699 304 1754 opere,
323 1684 536 1753 legionibusque
552 1684 696 1752 traductis,
717 1691 745 1737 et
763 1685 825 1737 loco
839 1699 899 1736 cas·

100 1767 149 1819 tris
160 1766 261 1819 idoneo
274 1765 392 1833 delecto,
402 1766 524 1836 reliquas
537 1767 634 1837 copias
645 1765 793 1821 revocavit.
830 1765 899 1820 Ver-

100 1847 261 1915 cingetorix,
273 1863 303 1900 re
316 1847 438 1916 cognita,
451 1864 488 1901 ne
508 1858 608 1902 contra
626 1863 708 1902 suam
720 1848 897 1902 voluntatem

99 1929 233 1984 dimicare
246 1939 399 1999 cogeretur,
412 1931 524 2000 magnis
539 1930 686 1986 itineribus
699 1931 860 1984 antecessit.

33 2041 35 2046 ·
133 2012 270 2065 XXXVI.
291 2012 388 2066 Caesar
409 2029 443 2066 ex
464 2029 498 2068 eo
517 2014 580 2067 loco
594 2011 699 2082 quintis
710 2012 812 2066 castris
826 2013 894 2066 Ger-

96 2095 208 2163 goviam
217 2095 350 2163 pervenit,
360 2096 535 2165 equestrique
545 2112 579 2150 eo
588 2094 633 2148 die
640 2092 740 2163 proelio
749 2093 804 2148 levi
812 2092 897 2163 sacto,

95 2185 242 2246 perspecto
255 2177 333 2230 urbis
346 2176 410 2245 situ,
423 2194 488 2247 quae
499 2178 593 2248 posita
606 2178 636 2231 in
648 2176 787 2230 altissimo
797 2188 895 2234 monte

95 2259 299 2315 omnesaditt'rs
321 2259 449 2316 difficiles
471 2261 605 2328 habebat,
626 2260 661 2313 de
683 2260 895 2328 expugnatione

94 2342 261 2412 desperavit,
274 2343 311 2397 de
323 2343 487 2399 obsessione
505 2359 563 2397 non
582 2339 661 2414 pribs
674 2342 816 2411 agendum
828 2359 895 2398 con·

94 2426 190 2494 stituit,
215 2424 301 2495 quiam
324 2442 385 2480 rem
407 2425 621 2480 frumentariam
651 2423 820 2494 expedisset.
855 2427 894 2479 At

92 2506 311 2578 Vercingetorix,
318 2508 416 2563 castris
424 2524 512 2579 prope
522 2508 657 2578 oppidum
664 2506 772 2576 positis,
783 2506 893 2562 medio·

90 2589 183 2645 eribus
203 2592 309 2646 circum
327 2607 358 2645 se
375 2590 529 2646 intervallis
548 2590 700 2661 separatim
720 2589 893 2657 singularum

90 2671 247 2728 civitatium
282 2674 379 2744 copias
410 2675 607 2742 collocaverat,
643 2681 730 2741 atque
760 2670 891 2726 omnibus

89 2753 149 2824 ejus
166 2755 226 2826 jugi
250 2755 369 2812 collibus
377 2756 533 2826 occupatis,
556 2753 612 2824 qui
638 2752 746 2823 despici
773 2763 882 2822 poterat

145 2948 251 2966 μ
