1996 3144
168 214 229 267 DE
244 213 379 268 BELLO
400 211 582 274 GALLICO,
600 213 678 266 LIB.
703 213 767 266 VII.
837 223 869 279 57

74 352 182 408 tionem
205 353 352 422 pertinent,
382 361 482 421 parant
518 351 721 406 administrare.
760 352 872 405 Eodem

75 443 202 504 tempore
222 435 343 489 clamore
363 433 503 502 exaudito,
516 433 566 487 dat
583 436 652 489 tuba
674 435 786 503 signum
811 433 869 487 suis

74 517 287 586 Vercingetorix
299 527 384 587 atque
396 533 430 571 ex
450 517 555 586 oppido
576 517 679 572 educit.
717 517 825 581 Nostri,
838 525 869 571 ut

76 600 267 670 superioribus
297 599 397 654 diebus
425 615 491 652 suus
520 598 620 669 cuique
641 609 701 654 erat
727 600 804 653 locus
830 608 871 653 at·

75 682 205 750 tributus,
213 682 251 736 ad
263 682 432 736 munitiones
442 680 596 747 accedunt;
614 682 718 751 fundis,
726 681 872 749 librilibus,

76 765 257 834 sudibusque,
271 781 340 834 quas
359 765 388 818 in
401 781 484 834 opere
502 764 708 834 disposuerant,
721 781 754 819 ac
774 765 872 834 gland-

75 852 139 906 ibus
148 852 244 905 Gallos
254 861 415 921 proterrent
440 853 592 921 Prospectu
600 853 722 907 tenebris
731 851 873 921 adempto,

76 935 167 988 multa
196 935 335 1004 utrimque
359 934 475 988 vulnera
499 935 682 1004 accipiuntur.
719 935 872 1002 Complura

76 1017 224 1072 tormentis
245 1018 301 1072 tela
322 1016 514 1086 conjiciuntur.
551 1019 590 1070 At
604 1019 718 1070 Marcus
731 1016 871 1070 Antonius

75 1108 106 1162 et
129 1099 213 1154 Caius
232 1099 389 1153 Trebonius
413 1099 505 1168 legati,
530 1099 630 1167 quibus
652 1099 698 1151 hae
719 1109 812 1168 partes
837 1099 874 1151 ad

76 1181 286 1236 defendendum
310 1183 491 1248 obvenerant,
518 1188 575 1250 qua
598 1198 632 1236 ex
658 1191 743 1251 parte⁴
761 1191 872 1234 nostros

75 1263 166 1334 premi
196 1263 396 1330 intellexerant,
420 1263 465 1317 his
498 1264 600 1317 auxilio
631 1281 666 1317 ex
696 1263 873 1318 ulterioribus

80 1346 202 1401 castellis
216 1341 350 1401 deductos
363 1343 582 1398 summittebant.

115 1427 264 1482 LXXXII.
284 1429 361 1481 Dum
385 1425 496 1496 longiirs
516 1429 553 1481 ab
579 1430 734 1483 munitione
758 1431 875 1483 aberant

78 1510 229 1579 Galli,plus
238 1509 417 1563 multitudine
427 1510 544 1564 telorum
553 1511 753 1580 proficiebant3
767 1522 875 1580 postea·
912 1516 914 1521 '

78 1609 166 1664 quam
191 1590 306 1662 propiis
331 1602 534 1662 successemnt,
561 1604 609 1647 aut
631 1611 662 1648 se
684 1595 804 1647 stimulis
835 1595 876 1647 in-

80 1675 228 1746 opinantes
248 1674 412 1743 induebant,
431 1676 527 1729 autin
547 1677 659 1729 scrobes
681 1676 767 1731 delati
785 1685 876 1731 trans-

78 1759 264 1828 fodiebantur,
276 1768 324 1813 aut
337 1777 371 1813 ex
388 1759 462 1813 vallo
484 1775 518 1814 ac
539 1760 660 1813 turribus
683 1759 791 1827 trajecti
812 1760 876 1829 pilis

79 1842 235 1896 muralibus
254 1841 412 1897 interibant.
451 1843 550 1896 Multis
574 1842 698 1912 undique
716 1843 877 1897 vulneribus

78 1924 211 1993 acceptis,
226 1924 303 1979 nulla
314 1925 470 1979 munitione
481 1933 621 1994 perrupta,
631 1943 717 1996 quum
724 1926 772 1980 lux
780 1936 877 1997 appet-

79 2016 148 2076 eret,
168 2006 258 2076 veriti,
277 2022 314 2060 ne
339 2007 375 2060 ab
399 2007 485 2061 latere
509 2017 606 2077 aperto
631 2010 877 2079 exsuperioribus

80 2089 182 2146 castris
202 2090 347 2158 emptione
368 2089 642 2158 circumvenirentur,
656 2107 685 2144 se
707 2091 744 2144 ad
758 2109 823 2146 suos
835 2109 878 2146 rc-

81 2182 223 2243 ceperunt.
259 2173 298 2227 At
318 2172 471 2241 interiores,
486 2173 553 2227 dum
567 2190 608 2241 ea,
622 2191 685 2242 quae
698 2190 716 2225 a
728 2175 878 2241 Vercinge-

81 2255 221 2325 torigead
240 2256 415 2324 eruptionem
434 2264 592 2326 praeparata.
618 2264 705 2320 erant,
727 2256 879 2325 proferunt,

79 2338 188 2409 priores
217 2338 308 2392 fossas
332 2339 452 2408 explent,
477 2335 581 2391 diutiirs
604 2337 632 2388 in
657 2337 701 2390 his
726 2338 809 2390 rebus
831 2339 879 2391 ad-

81 2419 277 2475 ministrandis
289 2422 389 2474 morati
402 2419 479 2489 priirs
499 2437 564 2473 suos
578 2420 741 2474 discessisse
760 2437 880 2489 cognov-

83 2512 173 2572 erunt,
186 2502 271 2573 quiam
278 2504 480 2563 munitionibus
494 2503 759 2574 appropinquarent.
799 2505 843 2558 Ita
853 2522 881 2558 re

81 2586 186 2640 infecta
198 2587 227 2639 in
240 2586 375 2656 oppidum
387 2596 566 2643 reverterunt.

122 2670 288 2723 LXXXIII.
310 2670 359 2722 Bis
378 2686 481 2738 magno
501 2685 565 2722 cum
591 2668 758 2723 detrimento
779 2670 882 2739 repulsi

88 2752 171 2816 Galli,
197 2751 265 2822 quid
299 2762 392 2821 agant,
425 2752 592 2816 consulunt;
623 2751 753 2805 locorum
780 2753 892 2820 peritus
