1996 3144
156 255 190 321 38
369 247 745 320 c.JUL11cAESARJs

156 409 190 446 ex
215 391 341 446 finitimis
367 389 529 460 regionibus
559 386 656 456 copias
681 402 789 456 cogere,
819 385 954 457 praesidia

155 474 353 544 custodiasque
365 473 403 527 ad
415 472 491 541 ripas
500 469 607 538 Ligeris
620 469 778 539 disponere,
786 468 954 539 equitatum·

155 573 209 626 que
220 555 350 610 omnibus
358 554 428 609 locis
441 552 584 623 injiciendi
592 551 700 606 timoris
708 559 794 607 causa
806 560 953 617 ostentare,

156 647 308 708 coeperunt,
328 637 351 691 si
370 637 406 691 ab
425 653 454 690 re
473 634 655 690 frumentaria
680 636 824 689 Romanos
842 633 954 687 exclud-

155 738 201 776 ere
229 730 278 775 aut
299 720 438 774 adductos
458 716 554 786 inopia
572 717 601 770 in
620 716 795 786 provinciam
818 715 954 784 expellere

155 811 279 871 possent.
313 803 406 871 Quam
425 802 462 855 ad
481 816 561 871 spem
580 797 701 854 multirm
720 816 769 853 eos
791 797 952 868 adjuvabat,

155 885 230 956 qubd
244 885 326 954 Liger
332 901 367 938 ex
374 885 485 938 nivibus
498 892 630 952 creverat,
640 892 671 937 ut
684 879 798 936 omnino
810 881 884 936 vado
896 897 954 934 non

155 984 239 1038 posse
250 966 362 1024 transiri
374 966 522 1022 videretur.

192 1050 265 1106 LVI.
286 1051 395 1119 Quibus
408 1049 491 1103 rebus
505 1048 632 1117 cognitis,
646 1049 742 1102 Caesar
754 1043 952 1101 maturandum

156 1133 209 1187 sibi
223 1134 339 1199 censuit,
354 1132 378 1186 si
390 1141 465 1187 esset
477 1131 507 1185 in
520 1128 697 1201 perficiendis
710 1129 842 1199 pontibus
854 1126 953 1197 pericl-

156 1214 291 1283 itandum,
304 1225 335 1269 ut
353 1212 442 1284 prius,
462 1212 547 1284 quim
560 1221 654 1267 essent
670 1213 791 1282 majores
803 1210 835 1266 eb
848 1219 954 1265 coactae

156 1297 253 1365 copiae,
277 1296 431 1350 dimicaret.
472 1298 550 1349 Nam
572 1304 611 1363 ut,
635 1303 809 1350 commutato
828 1292 953 1361 consilio,

155 1379 207 1433 iter
226 1377 254 1431 in
267 1378 442 1447 provinciam
455 1385 638 1446 converteret,
650 1386 681 1432 ut
693 1394 730 1433 ne
750 1387 827 1433 metu
839 1375 953 1447 quidem

155 1464 313 1519 necessario
335 1463 497 1518 faciendum
518 1464 705 1530 existimabat,
725 1480 812 1535 quum
836 1463 953 1517 infamia

154 1557 239 1617 atque
260 1546 413 1616 indignitas
434 1546 473 1601 rei
493 1556 520 1602 et
545 1548 691 1617 oppositus
714 1565 797 1601 mons
820 1547 953 1602 Cebenna

153 1630 316 1700 viarumque
326 1629 475 1685 difficultas
483 1628 662 1700 impediebat,
670 1640 731 1685 tum
740 1628 869 1692 maxime,
878 1627 954 1699 qubd

155 1713 288 1782 abjuncto
314 1713 441 1767 Labieno
463 1720 547 1782 atque
567 1711 601 1766 iis
621 1713 786 1782 legionibus,
808 1729 878 1782 quas
898 1710 954 1765 unis

154 1794 278 1863 miserat,
301 1794 483 1848 vehementer
512 1793 640 1849 timebat.
680 1796 780 1865 ltaque
799 1793 953 1848 admodum

153 1877 265 1943 magnis
298 1875 406 1929 diurnis
438 1877 639 1946 nocturnisque
670 1878 816 1932 itineribus
842 1877 953 1931 confec·

153 1957 189 2012 tis
208 1966 305 2012 contra
324 1956 450 2011 omnium
471 1957 633 2028 opinionem
651 1960 689 2013 ad
716 1960 847 2028 Ligerem
866 1958 953 2028 venit,

153 2039 283 2109 vadoque
307 2057 357 2109 per
378 2039 486 2110 equites
511 2041 627 2096 invento
648 2058 700 2111 pro
724 2043 764 2095 rei
786 2041 953 2096 necessitate

154 2132 320 2192 opportuno,
332 2131 364 2177 ut
375 2123 492 2177 brachia
514 2122 599 2179 modi>
621 2133 705 2195 atque
723 2125 831 2179 humeri
844 2124 881 2177 ad
894 2140 953 2178 sus-

151 2206 268 2261 tinenda
281 2223 360 2260 amia
372 2206 452 2260 liberi
466 2208 502 2261 ab
515 2214 590 2277 aqua
601 2224 663 2262 esse
675 2215 798 2277 possent,
817 2205 953 2275 disposito

152 2288 285 2359 equitatu,
307 2287 364 2359 qui³
376 2289 433 2343 vim
453 2289 576 2345 fluminis
597 2289 768 2358 refringeret,
786 2299 869 2358 atque
887 2288 953 2342 hos·

151 2371 225 2426 tibus
241 2372 331 2449 primo
351 2381 466 2440 aspectu
483 2372 659 2443 perturbatis,
677 2373 846 2427 incolumem
860 2387 952 2425 exerc-

151 2454 220 2508 itum
240 2454 369 2516 traduxit,
394 2455 620 2525 frumentumque
645 2455 675 2508 in
698 2455 773 2524 agris
791 2464 820 2509 et
843 2455 951 2522 pecoris

151 2536 260 2604 copiam
279 2544 387 2604 nactus,
407 2537 512 2606 repleto
533 2537 578 2592 his
597 2538 680 2592 rebus
700 2535 831 2605 exercitu,
849 2536 901 2591 iter
921 2537 950 2590 in

150 2617 275 2671 Senones
287 2618 378 2672 facere
391 2617 520 2673 instituit.

184 2698 277 2752 LVII.
297 2700 375 2753 Dum
392 2700 455 2755 haec
474 2701 551 2770 apud
570 2701 712 2758 Caesarem
733 2710 873 2771 geruntur,
897 2703 949 2758 La-

147 2776 246 2833 bienus
264 2795 298 2833 eo
318 2778 523 2850 supplemento,
535 2781 612 2852 quod
625 2798 714 2852 nuper
731 2799 765 2838 ex
784 2783 867 2839 ltalia
879 2801 947 2839 ven·
