<?xml version="1.0" encoding="UTF-8"?>
<!DOCTYPE html PUBLIC "-//W3C//DTD XHTML 1.0 Transitional//EN"
    "http://www.w3.org/TR/xhtml1/DTD/xhtml1-transitional.dtd">
<html xmlns="http://www.w3.org/1999/xhtml" xml:lang="en" lang="en">
 <head>
  <title>
</title>
<meta http-equiv="Content-Type" content="text/html;charset=utf-8" />
  <meta name='ocr-system' content='tesseract 3.04.00' />
  <meta name='ocr-capabilities' content='ocr_page ocr_carea ocr_par ocr_line ocrx_word'/>
</head>
<body>
  <div class='ocr_page' id='page_1' title='image "./gallicwarbookiv00whitgoog_0046.png"; bbox 0 0 1996 3144; ppageno 0'>
   <div class='ocr_carea' id='block_1_1' title="bbox 163 289 865 359">
    <p class='ocr_par' dir='ltr' id='par_1_1' title="bbox 163 289 865 359">
     <span class='ocr_line' id='line_1_1' title="bbox 163 289 865 359; baseline 0.003 -18"><span class='ocrx_word' id='word_1_1' title='bbox 163 289 229 342; x_wconf 90' lang='lat' dir='ltr'>DE</span> <span class='ocrx_word' id='word_1_2' title='bbox 244 289 379 345; x_wconf 87' lang='lat' dir='ltr'><em>BELLO</em></span> <span class='ocrx_word' id='word_1_3' title='bbox 400 291 585 359; x_wconf 77' lang='lat' dir='ltr'>GALLICO,</span> <span class='ocrx_word' id='word_1_4' title='bbox 603 292 681 344; x_wconf 89' lang='lat' dir='ltr'>LIB.</span> <span class='ocrx_word' id='word_1_5' title='bbox 706 291 771 344; x_wconf 85' lang='lat' dir='ltr'><em>Vll.</em></span> <span class='ocrx_word' id='word_1_6' title='bbox 833 302 865 356; x_wconf 83' lang='lat'>33</span> 
     </span>
    </p>
   </div>
   <div class='ocr_carea' id='block_1_2' title="bbox 57 428 949 2968">
    <p class='ocr_par' dir='ltr' id='par_1_2' title="bbox 61 428 949 1635">
     <span class='ocr_line' id='line_1_2' title="bbox 68 428 865 499; baseline 0 -17"><span class='ocrx_word' id='word_1_7' title='bbox 68 429 194 498; x_wconf 91' lang='lat' dir='ltr'>aberant,</span> <span class='ocrx_word' id='word_1_8' title='bbox 206 428 353 499; x_wconf 90' lang='lat' dir='ltr'>repentino</span> <span class='ocrx_word' id='word_1_9' title='bbox 366 429 486 486; x_wconf 87' lang='lat' dir='ltr'><strong>tumultu</strong></span> <span class='ocrx_word' id='word_1_10' title='bbox 495 430 642 499; x_wconf 85' lang='lat' dir='ltr'>perterriti,</span> <span class='ocrx_word' id='word_1_11' title='bbox 655 446 742 499; x_wconf 93' lang='lat' dir='ltr'>quum</span> <span class='ocrx_word' id='word_1_12' title='bbox 754 430 865 484; x_wconf 86' lang='lat' dir='ltr'>hostem</span> 
     </span>
     <span class='ocr_line' id='line_1_3' title="bbox 67 510 864 582; baseline 0.003 -19"><span class='ocrx_word' id='word_1_13' title='bbox 67 511 141 565; x_wconf 89' lang='lat' dir='ltr'>intra</span> <span class='ocrx_word' id='word_1_14' title='bbox 173 522 269 580; x_wconf 88' lang='lat' dir='ltr'>portas</span> <span class='ocrx_word' id='word_1_15' title='bbox 291 525 353 566; x_wconf 92' lang='lat' dir='ltr'>esse</span> <span class='ocrx_word' id='word_1_16' title='bbox 383 510 583 580; x_wconf 87' lang='lat' dir='ltr'>existimarent,</span> <span class='ocrx_word' id='word_1_17' title='bbox 610 527 672 566; x_wconf 90' lang='lat' dir='ltr'>sese</span> <span class='ocrx_word' id='word_1_18' title='bbox 696 529 730 566; x_wconf 87' lang='lat' dir='ltr'>ex</span> <span class='ocrx_word' id='word_1_19' title='bbox 760 511 864 582; x_wconf 91' lang='lat' dir='ltr'>oppido</span> 
     </span>
     <span class='ocr_line' id='line_1_4' title="bbox 65 591 949 663; baseline 0.006 -18"><span class='ocrx_word' id='word_1_20' title='bbox 65 591 213 661; x_wconf 88' lang='lat' dir='ltr'>ejecerunt.</span> <span class='ocrx_word' id='word_1_21' title='bbox 252 592 475 649; x_wconf 87' lang='lat' dir='ltr'>Matresfamiliae</span> <span class='ocrx_word' id='word_1_22' title='bbox 487 593 524 649; x_wconf 94' lang='lat' dir='ltr'>de</span> <span class='ocrx_word' id='word_1_23' title='bbox 536 611 617 649; x_wconf 91' lang='lat' dir='ltr'>muro</span> <span class='ocrx_word' id='word_1_24' title='bbox 634 604 743 649; x_wconf 90' lang='lat' dir='ltr'>vestem</span> <span class='ocrx_word' id='word_1_25' title='bbox 756 604 866 663; x_wconf 87' lang='lat' dir='ltr'>argent·</span> <span class='ocrx_word' id='word_1_26' title='bbox 944 625 949 633; x_wconf 90' lang='lat'>-</span> 
     </span>
     <span class='ocr_line' id='line_1_5' title="bbox 64 675 863 746; baseline 0.008 -19"><span class='ocrx_word' id='word_1_27' title='bbox 64 691 168 745; x_wconf 92' lang='lat' dir='ltr'>umque</span> <span class='ocrx_word' id='word_1_28' title='bbox 187 675 335 746; x_wconf 87' lang='lat' dir='ltr'>jactabant</span> <span class='ocrx_word' id='word_1_29' title='bbox 362 684 399 740; x_wconf 90' lang='lat' dir='ltr'>et,</span> <span class='ocrx_word' id='word_1_30' title='bbox 429 687 543 746; x_wconf 90' lang='lat' dir='ltr'>pectore</span> <span class='ocrx_word' id='word_1_31' title='bbox 568 676 654 746; x_wconf 89' lang='lat' dir='ltr'>nudo,</span> <span class='ocrx_word' id='word_1_32' title='bbox 672 677 863 745; x_wconf 90' lang='lat' dir='ltr'>prominentes</span> 
     </span>
     <span class='ocr_line' id='line_1_6' title="bbox 63 757 864 826; baseline 0.002 -15"><span class='ocrx_word' id='word_1_33' title='bbox 63 757 155 826; x_wconf 88' lang='lat' dir='ltr'>passis</span> <span class='ocrx_word' id='word_1_34' title='bbox 185 758 317 813; x_wconf 89' lang='lat' dir='ltr'>manibus</span> <span class='ocrx_word' id='word_1_35' title='bbox 346 758 560 814; x_wconf 87' lang='lat' dir='ltr'>obtestabantur</span> <span class='ocrx_word' id='word_1_36' title='bbox 585 759 729 814; x_wconf 89' lang='lat' dir='ltr'>Romanos</span> <span class='ocrx_word' id='word_1_37' title='bbox 755 768 786 814; x_wconf 88' lang='lat' dir='ltr'>ut</span> <span class='ocrx_word' id='word_1_38' title='bbox 810 759 864 814; x_wconf 92' lang='lat' dir='ltr'>sibi</span> 
     </span>
     <span class='ocr_line' id='line_1_7' title="bbox 64 834 863 910; baseline 0.001 -16"><span class='ocrx_word' id='word_1_39' title='bbox 64 834 209 909; x_wconf 84' lang='lat' dir='ltr'>parcerent</span> <span class='ocrx_word' id='word_1_40' title='bbox 228 856 293 910; x_wconf 92' lang='lat' dir='ltr'>neu,</span> <span class='ocrx_word' id='word_1_41' title='bbox 312 840 385 897; x_wconf 91' lang='lat' dir='ltr'>sicut</span> <span class='ocrx_word' id='word_1_42' title='bbox 402 841 516 901; x_wconf 72' lang='lat' dir='ltr'>Auarici</span> <span class='ocrx_word' id='word_1_43' title='bbox 532 839 673 909; x_wconf 87' lang='lat' dir='ltr'>fecissent,</span> <span class='ocrx_word' id='word_1_44' title='bbox 692 857 728 896; x_wconf 89' lang='lat' dir='ltr'>ne</span> <span class='ocrx_word' id='word_1_45' title='bbox 746 858 764 896; x_wconf 88' lang='lat' dir='ltr'>a</span> <span class='ocrx_word' id='word_1_46' title='bbox 781 841 863 897; x_wconf 90' lang='lat' dir='ltr'>muli-</span> 
     </span>
     <span class='ocr_line' id='line_1_8' title="bbox 64 919 864 993; baseline 0.004 -19"><span class='ocrx_word' id='word_1_47' title='bbox 64 919 157 976; x_wconf 90' lang='lat' dir='ltr'>eribus</span> <span class='ocrx_word' id='word_1_48' title='bbox 173 922 287 992; x_wconf 91' lang='lat' dir='ltr'>quidem</span> <span class='ocrx_word' id='word_1_49' title='bbox 301 933 385 993; x_wconf 87' lang='lat' dir='ltr'>atque</span> <span class='ocrx_word' id='word_1_50' title='bbox 403 922 559 977; x_wconf 86' lang='lat' dir='ltr'>infantibus</span> <span class='ocrx_word' id='word_1_51' title='bbox 579 923 770 990; x_wconf 88' lang='lat' dir='ltr'>abstinerent;</span> <span class='ocrx_word' id='word_1_52' title='bbox 793 940 864 978; x_wconf 92' lang='lat' dir='ltr'>non-</span> 
     </span>
     <span class='ocr_line' id='line_1_9' title="bbox 63 1003 863 1073; baseline 0.005 -16"><span class='ocrx_word' id='word_1_53' title='bbox 63 1003 148 1058; x_wconf 89' lang='lat' dir='ltr'>nullae</span> <span class='ocrx_word' id='word_1_54' title='bbox 161 1005 197 1059; x_wconf 94' lang='lat' dir='ltr'>de</span> <span class='ocrx_word' id='word_1_55' title='bbox 214 1005 300 1059; x_wconf 89' lang='lat' dir='ltr'>muris</span> <span class='ocrx_word' id='word_1_56' title='bbox 313 1020 363 1073; x_wconf 91' lang='lat' dir='ltr'>per</span> <span class='ocrx_word' id='word_1_57' title='bbox 375 1011 476 1060; x_wconf 79' lang='lat' dir='ltr'>manus</span> <span class='ocrx_word' id='word_1_58' title='bbox 495 1005 627 1060; x_wconf 86' lang='lat' dir='ltr'>demissae</span> <span class='ocrx_word' id='word_1_59' title='bbox 648 1022 709 1060; x_wconf 91' lang='lat' dir='ltr'>sese</span> <span class='ocrx_word' id='word_1_60' title='bbox 727 1005 863 1061; x_wconf 91' lang='lat' dir='ltr'>militibus</span> 
     </span>
     <span class='ocr_line' id='line_1_10' title="bbox 63 1083 864 1156; baseline 0.001 -15"><span class='ocrx_word' id='word_1_61' title='bbox 63 1086 220 1141; x_wconf 88' lang='lat' dir='ltr'>tradebant.</span> <span class='ocrx_word' id='word_1_62' title='bbox 258 1089 288 1141; x_wconf 93' lang='lat' dir='ltr'>L.</span> <span class='ocrx_word' id='word_1_63' title='bbox 316 1087 430 1154; x_wconf 89' lang='lat' dir='ltr'>Fabius,</span> <span class='ocrx_word' id='word_1_64' title='bbox 455 1088 581 1142; x_wconf 91' lang='lat' dir='ltr'>centurio</span> <span class='ocrx_word' id='word_1_65' title='bbox 604 1088 723 1156; x_wconf 90' lang='lat' dir='ltr'>legionis</span> <span class='ocrx_word' id='word_1_66' title='bbox 738 1083 864 1156; x_wconf 83' lang='lat' dir='ltr'>octavae,</span> 
     </span>
     <span class='ocr_line' id='line_1_11' title="bbox 63 1169 862 1237; baseline 0.004 -15"><span class='ocrx_word' id='word_1_67' title='bbox 63 1184 148 1237; x_wconf 91' lang='lat' dir='ltr'>quem</span> <span class='ocrx_word' id='word_1_68' title='bbox 165 1169 238 1222; x_wconf 89' lang='lat' dir='ltr'>inter</span> <span class='ocrx_word' id='word_1_69' title='bbox 256 1185 322 1223; x_wconf 93' lang='lat' dir='ltr'>suos</span> <span class='ocrx_word' id='word_1_70' title='bbox 335 1186 369 1225; x_wconf 90' lang='lat' dir='ltr'>eo</span> <span class='ocrx_word' id='word_1_71' title='bbox 387 1169 433 1224; x_wconf 94' lang='lat' dir='ltr'>die</span> <span class='ocrx_word' id='word_1_72' title='bbox 453 1170 557 1224; x_wconf 87' lang='lat' dir='ltr'>dixisse</span> <span class='ocrx_word' id='word_1_73' title='bbox 577 1169 726 1224; x_wconf 89' lang='lat' dir='ltr'>constabat</span> <span class='ocrx_word' id='word_1_74' title='bbox 748 1171 862 1226; x_wconf 88' lang='lat' dir='ltr'>excitari</span> 
     </span>
     <span class='ocr_line' id='line_1_12' title="bbox 62 1251 861 1322; baseline 0.006 -19"><span class='ocrx_word' id='word_1_75' title='bbox 62 1266 93 1305; x_wconf 93' lang='lat' dir='ltr'>se</span> <span class='ocrx_word' id='word_1_76' title='bbox 105 1251 323 1306; x_wconf 90' lang='lat' dir='ltr'>Avaricensibus</span> <span class='ocrx_word' id='word_1_77' title='bbox 343 1252 467 1321; x_wconf 87' lang='lat' dir='ltr'>praemiis</span> <span class='ocrx_word' id='word_1_78' title='bbox 487 1267 578 1322; x_wconf 92' lang='lat' dir='ltr'>neque</span> <span class='ocrx_word' id='word_1_79' title='bbox 592 1253 817 1321; x_wconf 84' lang='lat' dir='ltr'>commissurum,</span> <span class='ocrx_word' id='word_1_80' title='bbox 830 1263 861 1308; x_wconf 91' lang='lat' dir='ltr'>ut</span> 
     </span>
     <span class='ocr_line' id='line_1_13' title="bbox 61 1330 862 1404; baseline 0.006 -18"><span class='ocrx_word' id='word_1_81' title='bbox 61 1330 139 1400; x_wconf 80' lang='lat' dir='ltr'>priris</span> <span class='ocrx_word' id='word_1_82' title='bbox 148 1334 298 1404; x_wconf 87' lang='lat' dir='ltr'>quisquam</span> <span class='ocrx_word' id='word_1_83' title='bbox 309 1351 421 1389; x_wconf 91' lang='lat' dir='ltr'>murum</span> <span class='ocrx_word' id='word_1_84' title='bbox 432 1334 605 1403; x_wconf 89' lang='lat' dir='ltr'>ascenderet,</span> <span class='ocrx_word' id='word_1_85' title='bbox 618 1344 674 1390; x_wconf 91' lang='lat' dir='ltr'>tres</span> <span class='ocrx_word' id='word_1_86' title='bbox 684 1352 750 1390; x_wconf 91' lang='lat' dir='ltr'>suos</span> <span class='ocrx_word' id='word_1_87' title='bbox 762 1346 862 1391; x_wconf 88' lang='lat' dir='ltr'>nactus</span> 
     </span>
     <span class='ocr_line' id='line_1_14' title="bbox 62 1415 861 1487; baseline 0.005 -19"><span class='ocrx_word' id='word_1_88' title='bbox 62 1415 343 1487; x_wconf 86' lang='lat' dir='ltr'>manipularesatque</span> <span class='ocrx_word' id='word_1_89' title='bbox 353 1417 390 1471; x_wconf 88' lang='lat' dir='ltr'>ab</span> <span class='ocrx_word' id='word_1_90' title='bbox 399 1417 434 1471; x_wconf 91' lang='lat' dir='ltr'>iis</span> <span class='ocrx_word' id='word_1_91' title='bbox 449 1416 611 1471; x_wconf 88' lang='lat' dir='ltr'>sublevatus</span> <span class='ocrx_word' id='word_1_92' title='bbox 621 1434 732 1472; x_wconf 91' lang='lat' dir='ltr'>murum</span> <span class='ocrx_word' id='word_1_93' title='bbox 744 1419 861 1473; x_wconf 92' lang='lat' dir='ltr'>ascend-</span> 
     </span>
     <span class='ocr_line' id='line_1_15' title="bbox 62 1495 861 1570; baseline 0.01 -21"><span class='ocrx_word' id='word_1_94' title='bbox 62 1495 100 1562; x_wconf 90' lang='lat' dir='ltr'>it;</span> <span class='ocrx_word' id='word_1_95' title='bbox 119 1499 171 1552; x_wconf 92' lang='lat' dir='ltr'>hos</span> <span class='ocrx_word' id='word_1_96' title='bbox 193 1498 253 1570; x_wconf 91' lang='lat' dir='ltr'>ipse</span> <span class='ocrx_word' id='word_1_97' title='bbox 266 1498 362 1554; x_wconf 78' lang='lat' dir='ltr'>rursus</span> <span class='ocrx_word' id='word_1_98' title='bbox 385 1499 510 1568; x_wconf 89' lang='lat' dir='ltr'>singulos</span> <span class='ocrx_word' id='word_1_99' title='bbox 530 1509 681 1569; x_wconf 83' lang='lat' dir='ltr'>exceptans</span> <span class='ocrx_word' id='word_1_100' title='bbox 701 1501 730 1553; x_wconf 91' lang='lat' dir='ltr'>in</span> <span class='ocrx_word' id='word_1_101' title='bbox 751 1517 861 1556; x_wconf 91' lang='lat' dir='ltr'>murum</span> 
     </span>
     <span class='ocr_line' id='line_1_16' title="bbox 65 1579 172 1635; baseline -0.019 0"><span class='ocrx_word' id='word_1_102' title='bbox 65 1579 172 1635; x_wconf 90' lang='lat' dir='ltr'>extulit.</span> 
     </span>
    </p>

    <p class='ocr_par' dir='ltr' id='par_1_3' title="bbox 57 1661 926 2899">
     <span class='ocr_line' id='line_1_17' title="bbox 97 1661 860 1733; baseline 0.005 -18"><span class='ocrx_word' id='word_1_103' title='bbox 97 1663 234 1717; x_wconf 91' lang='lat' dir='ltr'><strong>XLVIII.</strong></span> <span class='ocrx_word' id='word_1_104' title='bbox 263 1661 379 1718; x_wconf 90' lang='lat' dir='ltr'>Interim</span> <span class='ocrx_word' id='word_1_105' title='bbox 403 1661 432 1731; x_wconf 86' lang='lat' dir='ltr'>ii,</span> <span class='ocrx_word' id='word_1_106' title='bbox 456 1663 505 1733; x_wconf 93' lang='lat' dir='ltr'>qui</span> <span class='ocrx_word' id='word_1_107' title='bbox 534 1663 571 1717; x_wconf 87' lang='lat' dir='ltr'>ad</span> <span class='ocrx_word' id='word_1_108' title='bbox 602 1661 721 1717; x_wconf 90' lang='lat' dir='ltr'>alteram</span> <span class='ocrx_word' id='word_1_109' title='bbox 752 1675 860 1733; x_wconf 89' lang='lat' dir='ltr'>partem</span> 
     </span>
     <span class='ocr_line' id='line_1_18' title="bbox 59 1743 860 1815; baseline 0.005 -18"><span class='ocrx_word' id='word_1_110' title='bbox 59 1744 166 1813; x_wconf 91' lang='lat' dir='ltr'>oppidi,</span> <span class='ocrx_word' id='word_1_111' title='bbox 178 1754 209 1800; x_wconf 92' lang='lat' dir='ltr'>ut</span> <span class='ocrx_word' id='word_1_112' title='bbox 221 1743 306 1815; x_wconf 73' lang='lat' dir='ltr'>suprb</span> <span class='ocrx_word' id='word_1_113' title='bbox 318 1744 581 1812; x_wconf 88' lang='lat' dir='ltr'>demonstravimus,</span> <span class='ocrx_word' id='word_1_114' title='bbox 594 1744 761 1801; x_wconf 85' lang='lat' dir='ltr'>munitionis</span> <span class='ocrx_word' id='word_1_115' title='bbox 774 1754 860 1802; x_wconf 77' lang='lat' dir='ltr'>causa</span> 
     </span>
     <span class='ocr_line' id='line_1_19' title="bbox 60 1825 860 1898; baseline 0.005 -18"><span class='ocrx_word' id='word_1_116' title='bbox 60 1835 258 1895; x_wconf 89' lang='lat' dir='ltr'>convenerant,</span> <span class='ocrx_word' id='word_1_117' title='bbox 276 1825 368 1898; x_wconf 76' lang='lat' dir='ltr'>primo</span> <span class='ocrx_word' id='word_1_118' title='bbox 389 1826 520 1883; x_wconf 88' lang='lat' dir='ltr'>exaudito</span> <span class='ocrx_word' id='word_1_119' title='bbox 539 1828 668 1896; x_wconf 90' lang='lat' dir='ltr'>clamore,</span> <span class='ocrx_word' id='word_1_120' title='bbox 687 1828 753 1883; x_wconf 91' lang='lat' dir='ltr'>inde</span> <span class='ocrx_word' id='word_1_121' title='bbox 773 1829 860 1884; x_wconf 89' lang='lat' dir='ltr'>etiam</span> 
     </span>
     <span class='ocr_line' id='line_1_20' title="bbox 60 1908 858 1980; baseline 0.004 -19"><span class='ocrx_word' id='word_1_122' title='bbox 60 1908 165 1964; x_wconf 91' lang='lat' dir='ltr'>crebris</span> <span class='ocrx_word' id='word_1_123' title='bbox 177 1910 282 1965; x_wconf 91' lang='lat' dir='ltr'>nuntiis</span> <span class='ocrx_word' id='word_1_124' title='bbox 295 1910 403 1964; x_wconf 89' lang='lat' dir='ltr'>incitati</span> <span class='ocrx_word' id='word_1_125' title='bbox 421 1910 557 1980; x_wconf 90' lang='lat' dir='ltr'>oppidum</span> <span class='ocrx_word' id='word_1_126' title='bbox 575 1927 593 1965; x_wconf 91' lang='lat' dir='ltr'>a</span> <span class='ocrx_word' id='word_1_127' title='bbox 612 1911 749 1968; x_wconf 85' lang='lat' dir='ltr'>Romanis</span> <span class='ocrx_word' id='word_1_128' title='bbox 762 1911 858 1979; x_wconf 90' lang='lat' dir='ltr'>teneri,</span> 
     </span>
     <span class='ocr_line' id='line_1_21' title="bbox 60 1991 858 2062; baseline 0.006 -18"><span class='ocrx_word' id='word_1_129' title='bbox 60 1991 213 2060; x_wconf 82' lang='lat' dir='ltr'>praemissis</span> <span class='ocrx_word' id='word_1_130' title='bbox 231 1992 380 2062; x_wconf 90' lang='lat' dir='ltr'>equitibus,</span> <span class='ocrx_word' id='word_1_131' title='bbox 398 2009 502 2062; x_wconf 86' lang='lat' dir='ltr'>magno</span> <span class='ocrx_word' id='word_1_132' title='bbox 521 2009 658 2047; x_wconf 92' lang='lat' dir='ltr'>concursu</span> <span class='ocrx_word' id='word_1_133' title='bbox 672 1993 706 2048; x_wconf 80' lang='lat' dir='ltr'>eb</span> <span class='ocrx_word' id='word_1_134' title='bbox 724 1995 858 2049; x_wconf 91' lang='lat' dir='ltr'>contend-</span> 
     </span>
     <span class='ocr_line' id='line_1_22' title="bbox 58 2073 857 2144; baseline 0.005 -17"><span class='ocrx_word' id='word_1_135' title='bbox 58 2084 147 2129; x_wconf 90' lang='lat' dir='ltr'>erunt.</span> <span class='ocrx_word' id='word_1_136' title='bbox 185 2076 292 2130; x_wconf 90' lang='lat' dir='ltr'>Eorum</span> <span class='ocrx_word' id='word_1_137' title='bbox 299 2084 329 2129; x_wconf 92' lang='lat' dir='ltr'>ut</span> <span class='ocrx_word' id='word_1_138' title='bbox 337 2075 455 2144; x_wconf 90' lang='lat' dir='ltr'>quisque</span> <span class='ocrx_word' id='word_1_139' title='bbox 463 2073 569 2144; x_wconf 89' lang='lat' dir='ltr'>primus</span> <span class='ocrx_word' id='word_1_140' title='bbox 579 2086 701 2142; x_wconf 88' lang='lat' dir='ltr'>venerat,</span> <span class='ocrx_word' id='word_1_141' title='bbox 713 2076 765 2130; x_wconf 94' lang='lat' dir='ltr'>sub</span> <span class='ocrx_word' id='word_1_142' title='bbox 777 2094 857 2131; x_wconf 90' lang='lat' dir='ltr'>muro</span> 
     </span>
     <span class='ocr_line' id='line_1_23' title="bbox 60 2155 857 2228; baseline 0.005 -21"><span class='ocrx_word' id='word_1_143' title='bbox 60 2155 233 2211; x_wconf 91' lang='lat' dir='ltr'>consistebat</span> <span class='ocrx_word' id='word_1_144' title='bbox 246 2174 414 2225; x_wconf 89' lang='lat' dir='ltr'>suorumque</span> <span class='ocrx_word' id='word_1_145' title='bbox 432 2157 619 2226; x_wconf 89' lang='lat' dir='ltr'>pugnantium</span> <span class='ocrx_word' id='word_1_146' title='bbox 632 2175 779 2213; x_wconf 89' lang='lat' dir='ltr'>numerum</span> <span class='ocrx_word' id='word_1_147' title='bbox 791 2176 857 2228; x_wconf 88' lang='lat' dir='ltr'>aug-</span> 
     </span>
     <span class='ocr_line' id='line_1_24' title="bbox 59 2237 857 2309; baseline 0.003 -19"><span class='ocrx_word' id='word_1_148' title='bbox 59 2237 134 2292; x_wconf 88' lang='lat' dir='ltr'>ebat.</span> <span class='ocrx_word' id='word_1_149' title='bbox 174 2240 300 2309; x_wconf 84' lang='lat' dir='ltr'>Quorum</span> <span class='ocrx_word' id='word_1_150' title='bbox 330 2256 417 2309; x_wconf 92' lang='lat' dir='ltr'>quum</span> <span class='ocrx_word' id='word_1_151' title='bbox 442 2255 545 2307; x_wconf 84' lang='lat' dir='ltr'>magna</span> <span class='ocrx_word' id='word_1_152' title='bbox 565 2240 714 2293; x_wconf 90' lang='lat' dir='ltr'>multitudo</span> <span class='ocrx_word' id='word_1_153' title='bbox 736 2257 857 2294; x_wconf 91' lang='lat' dir='ltr'>conven-</span> 
     </span>
     <span class='ocr_line' id='line_1_25' title="bbox 59 2317 857 2391; baseline 0.003 -19"><span class='ocrx_word' id='word_1_154' title='bbox 59 2317 135 2388; x_wconf 92' lang='lat' dir='ltr'>isset,</span> <span class='ocrx_word' id='word_1_155' title='bbox 154 2321 382 2387; x_wconf 81' lang='lat' dir='ltr'>matresfamiliae,</span> <span class='ocrx_word' id='word_1_156' title='bbox 401 2338 465 2391; x_wconf 90' lang='lat' dir='ltr'>quae</span> <span class='ocrx_word' id='word_1_157' title='bbox 486 2318 570 2389; x_wconf 78' lang='lat' dir='ltr'>paulo</span> <span class='ocrx_word' id='word_1_158' title='bbox 589 2320 654 2372; x_wconf 75' lang='lat' dir='ltr'>ante</span> <span class='ocrx_word' id='word_1_159' title='bbox 672 2321 808 2374; x_wconf 91' lang='lat' dir='ltr'>Romanis</span> <span class='ocrx_word' id='word_1_160' title='bbox 822 2321 857 2374; x_wconf 92' lang='lat' dir='ltr'>de</span> 
     </span>
     <span class='ocr_line' id='line_1_26' title="bbox 57 2402 857 2470; baseline 0.001 -15"><span class='ocrx_word' id='word_1_161' title='bbox 57 2417 139 2456; x_wconf 88' lang='lat' dir='ltr'>muro</span> <span class='ocrx_word' id='word_1_162' title='bbox 165 2410 266 2458; x_wconf 79' lang='lat' dir='ltr'>manus</span> <span class='ocrx_word' id='word_1_163' title='bbox 291 2403 453 2468; x_wconf 89' lang='lat' dir='ltr'>tendebant,</span> <span class='ocrx_word' id='word_1_164' title='bbox 479 2418 545 2455; x_wconf 90' lang='lat' dir='ltr'>suos</span> <span class='ocrx_word' id='word_1_165' title='bbox 575 2402 716 2470; x_wconf 90' lang='lat' dir='ltr'>obtestari,</span> <span class='ocrx_word' id='word_1_166' title='bbox 734 2411 762 2456; x_wconf 93' lang='lat' dir='ltr'>et</span> <span class='ocrx_word' id='word_1_167' title='bbox 779 2418 857 2456; x_wconf 90' lang='lat' dir='ltr'>more</span> 
     </span>
     <span class='ocr_line' id='line_1_27' title="bbox 59 2483 856 2556; baseline -0.003 -18"><span class='ocrx_word' id='word_1_168' title='bbox 59 2483 169 2539; x_wconf 88' lang='lat' dir='ltr'>Gallico</span> <span class='ocrx_word' id='word_1_169' title='bbox 187 2503 303 2556; x_wconf 91' lang='lat' dir='ltr'>passum</span> <span class='ocrx_word' id='word_1_170' title='bbox 322 2485 455 2553; x_wconf 90' lang='lat' dir='ltr'>capillum</span> <span class='ocrx_word' id='word_1_171' title='bbox 479 2491 629 2551; x_wconf 87' lang='lat' dir='ltr'>ostentare,</span> <span class='ocrx_word' id='word_1_172' title='bbox 649 2483 807 2554; x_wconf 89' lang='lat' dir='ltr'>liberosque</span> <span class='ocrx_word' id='word_1_173' title='bbox 828 2485 856 2538; x_wconf 90' lang='lat' dir='ltr'>in</span> 
     </span>
     <span class='ocr_line' id='line_1_28' title="bbox 58 2567 856 2638; baseline 0.001 -19"><span class='ocrx_word' id='word_1_174' title='bbox 58 2567 377 2638; x_wconf 84' lang='lat' dir='ltr'>conspectumproserre‚</span> <span class='ocrx_word' id='word_1_175' title='bbox 387 2575 539 2634; x_wconf 89' lang='lat' dir='ltr'>coeperunt.</span> <span class='ocrx_word' id='word_1_176' title='bbox 577 2567 647 2619; x_wconf 89' lang='lat' dir='ltr'>Erat</span> <span class='ocrx_word' id='word_1_177' title='bbox 661 2567 856 2620; x_wconf 87' lang='lat' dir='ltr'>Romanisnec</span> 
     </span>
     <span class='ocr_line' id='line_1_29' title="bbox 58 2645 869 2716; baseline -0.005 -16"><span class='ocrx_word' id='word_1_178' title='bbox 58 2646 122 2701; x_wconf 91' lang='lat' dir='ltr'>loco</span> <span class='ocrx_word' id='word_1_179' title='bbox 135 2664 189 2704; x_wconf 89' lang='lat' dir='ltr'>nec</span> <span class='ocrx_word' id='word_1_180' title='bbox 207 2665 325 2704; x_wconf 90' lang='lat' dir='ltr'>numero</span> <span class='ocrx_word' id='word_1_181' title='bbox 343 2663 426 2716; x_wconf 88' lang='lat' dir='ltr'>aequa</span> <span class='ocrx_word' id='word_1_182' title='bbox 444 2645 607 2711; x_wconf 89' lang='lat' dir='ltr'>contentio;</span> <span class='ocrx_word' id='word_1_183' title='bbox 626 2647 709 2701; x_wconf 82' lang='lat' dir='ltr'>slmul</span> <span class='ocrx_word' id='word_1_184' title='bbox 727 2657 759 2700; x_wconf 84' lang='lat' dir='ltr'>et</span> <span class='ocrx_word' id='word_1_185' title='bbox 775 2664 869 2700; x_wconf 74' lang='lat' dir='ltr'>cursu</span> 
     </span>
     <span class='ocr_line' id='line_1_30' title="bbox 58 2731 893 2804; baseline 0.002 -17"><span class='ocrx_word' id='word_1_186' title='bbox 58 2740 87 2787; x_wconf 91' lang='lat' dir='ltr'>et</span> <span class='ocrx_word' id='word_1_187' title='bbox 105 2735 198 2804; x_wconf 88' lang='lat' dir='ltr'>spatio</span> <span class='ocrx_word' id='word_1_188' title='bbox 216 2751 319 2804; x_wconf 84' lang='lat' dir='ltr'>pugnae</span> <span class='ocrx_word' id='word_1_189' title='bbox 330 2731 441 2803; x_wconf 83' lang='lat' dir='ltr'>fatigati</span> <span class='ocrx_word' id='word_1_190' title='bbox 458 2749 519 2790; x_wconf 89' lang='lat' dir='ltr'>non</span> <span class='ocrx_word' id='word_1_191' title='bbox 537 2732 627 2789; x_wconf 66' lang='lat' dir='ltr'>facile</span> <span class='ocrx_word' id='word_1_192' title='bbox 636 2740 777 2787; x_wconf 76' lang='lat' dir='ltr'>recentes</span> <span class='ocrx_word' id='word_1_193' title='bbox 794 2737 893 2789; x_wconf 44' lang='lat'>&amp;082</span> 
     </span>
     <span class='ocr_line' id='line_1_31' title="bbox 58 2812 926 2899; baseline 0.018 -31"><span class='ocrx_word' id='word_1_194' title='bbox 58 2812 180 2885; x_wconf 86' lang='lat' dir='ltr'>integros</span> <span class='ocrx_word' id='word_1_195' title='bbox 191 2817 378 2875; x_wconf 88' lang='lat' dir='ltr'>sustinebant.</span> <span class='ocrx_word' id='word_1_196' title='bbox 728 2891 733 2899; x_wconf 38' lang='grc'><strong>,</strong></span> <span class='ocrx_word' id='word_1_197' title='bbox 924 2835 926 2837; x_wconf 83' lang='grc'><strong>’</strong></span> 
     </span>
    </p>

    <p class='ocr_par' dir='ltr' id='par_1_4' title="bbox 80 2898 811 2968">
     <span class='ocr_line' id='line_1_32' title="bbox 80 2898 811 2968; baseline 0.016 -13"><span class='ocrx_word' id='word_1_198' title='bbox 80 2912 367 2968; x_wconf 56' lang='lat' dir='ltr'>salamancam.</span> <span class='ocrx_word' id='word_1_199' title='bbox 780 2898 811 2937; x_wconf 60' lang='grc' dir='ltr'>Ὦ</span> 
     </span>
    </p>
   </div>
   <div class='ocr_carea' id='block_1_3' title="bbox 0 0 1002 3144">
    <p class='ocr_par' dir='ltr' id='par_1_5' title="bbox 0 0 1002 3144">
     <span class='ocr_line' id='line_1_33' title="bbox 0 0 1002 3144; baseline 0 3"><span class='ocrx_word' id='word_1_200' title='bbox 0 0 1002 3144; x_wconf 95' lang='lat' dir='ltr'> </span> 
     </span>
    </p>
   </div>
  </div>
 </body>
</html>
