1996 3144
182 249 218 290 20
397 232 426 287 c,
445 230 562 301 Jucrr
578 228 763 285 cAEsAnrs

180 381 377 444 pervenerunt.
414 373 492 442 Quos
514 370 560 425 ille
581 371 670 425 multa
687 369 749 438 jam
769 380 852 425 nocte
869 370 981 425 silentio

177 470 212 509 ex
223 454 290 522 suga
303 453 421 523 excepit,
435 453 550 521 veritus,
563 468 597 507 nc
610 469 667 522 qua
679 453 708 505 in
722 452 821 506 castris
835 469 869 508 ex
881 470 978 507 eorum

181 552 318 590 concursu
331 545 358 590 et
371 535 562 589 misericordia
576 535 651 602 vulgi
674 535 774 589 seditio
794 544 926 602 oreretur,
939 545 979 602 ut,

180 619 277 687 procul
298 619 327 672 in
339 617 386 672 via
404 617 548 687 dispositis
571 616 756 671 familiaribus
777 617 835 671 suis
855 616 979 686 princip·

179 699 297 771 ibusque
308 699 463 767 civitatum,
485 699 671 768 disparandos
684 699 923 770 deducendosque
941 700 979 753 ad

176 798 241 835 suos
254 789 373 848 curaret,
386 798 450 851 quae
466 781 567 851 cuique
581 779 689 836 civitati
699 797 765 850 pars
777 792 932 835 castrorum
941 783 978 836 ab

177 862 257 918 initio
270 865 431 919 obvenerat.

212 947 323 1000 XXIX.
343 947 460 1000 Postero
473 944 528 1011 die,
542 944 661 1000 concilio
676 953 839 1013 convocato,
848 944 977 1011 consola·

176 1038 223 1083 tus
254 1027 473 1098 cohortatusque
503 1038 545 1083 est
570 1045 606 1081 ne
637 1045 669 1082 se
699 1026 853 1081 admodum
882 1027 977 1082 animo

177 1111 364 1178 demitterent,
378 1125 414 1164 ne
432 1111 661 1180 perturbarentur
684 1109 871 1162 incommodo.
910 1111 975 1162 Non

173 1193 275 1246 virtute
289 1208 381 1262 neque
393 1190 422 1246 in
436 1193 497 1246 acie
510 1192 611 1246 vicisse
626 1193 781 1259 Romanos,
795 1192 845 1246 sed
858 1192 976 1246 artificio

174 1274 298 1343 quodam
311 1283 338 1327 et
352 1272 471 1328 scientia
490 1272 715 1343 oppugnationis,
730 1273 808 1340 cujus
822 1274 861 1327 rei
874 1273 975 1328 luerint

174 1353 229 1423 ipsi
249 1355 379 1424 imperiti.
420 1357 529 1424 Errare,
550 1355 574 1408 si
595 1355 643 1424 qui
664 1354 693 1406 in
714 1354 788 1407 bello
804 1371 902 1409 omnes
916 1371 973 1409 sec·

172 1436 265 1490 undos
278 1453 371 1491 rerum
383 1444 535 1507 proventus
546 1445 716 1505 exspectent.
758 1436 819 1490 Sibi
829 1454 973 1507 nunquam

174 1519 314 1586 placuisse
327 1521 480 1574 Avaricum
494 1519 616 1587 defendi,
631 1519 709 1586 cujus
732 1519 772 1574 rei
792 1529 877 1574 testes
897 1520 974 1591 ipsos

170 1599 303 1668 haberet;
315 1602 364 1656 sed
372 1601 479 1655 sactum
488 1600 677 1670 imprudentia
685 1601 842 1670 Biturigum
852 1612 878 1656 et
886 1601 974 1654 nimia

174 1688 361 1757 obsequentia
374 1687 555 1757 reliquorum,
569 1687 610 1741 uti
628 1686 683 1740 hoc
702 1687 914 1741 incommodum
926 1703 972 1741 ac-

173 1768 319 1837 ciperetur.
358 1769 392 1822 ld
410 1778 507 1822 tamen
526 1785 558 1822 se
580 1768 706 1822 celeriter
725 1769 877 1837 majoribus
897 1785 971 1823 com·

173 1850 265 1902 modis
278 1860 449 1903 sanaturum.
476 1851 553 1903 Nam
568 1868 631 1920 quae
643 1852 680 1904 ab
692 1851 805 1921 reliquis
819 1852 906 1906 Gallis
917 1852 973 1906 civ·

171 1929 254 1984 itates
268 1930 457 2000 dissentirent,
471 1931 524 1984 has
538 1940 590 1986 sua
602 1933 749 2001 diligentia
766 1933 971 2002 adjuncturum,

171 2022 255 2081 atque
277 2030 364 2066 unum
385 2013 535 2067 consilium
565 2015 650 2069 totius
674 2015 775 2069 Galliae
801 2016 971 2084 effecturum,

172 2093 251 2160 cujus
265 2095 414 2149 consensui
438 2112 474 2149 ne
495 2097 570 2150 orbis
592 2096 707 2167 quidem
728 2107 864 2152 terrarum
881 2099 971 2168 possit

171 2175 329 2243 obsistere3
356 2176 441 2246 idque
464 2194 495 2231 se
519 2176 606 2248 prope
627 2179 687 2248 jam
709 2180 838 2234 effectum
857 2181 969 2235 habere.

173 2259 285 2313 Interea
299 2276 412 2330 aequum
426 2277 487 2315 esse
501 2262 538 2315 ab
552 2261 585 2315 iis
600 2263 759 2316 communis
774 2264 873 2318 salutis
886 2271 973 2317 causa

169 2341 313 2411 impetrari
328 2352 359 2397 ut
373 2353 467 2398 castra
479 2345 588 2398 munire
601 2345 786 2415 instituerent,
797 2343 969 2415 qudfaciliirs

170 2425 331 2491 repentinos
344 2425 469 2480 hostium
482 2427 602 2496 impetus
616 2429 793 2482 sustinerent.

205 2506 298 2559 XXX.
320 2507 384 2562 Fuit
407 2509 469 2562 haec
491 2509 581 2564 oratio
601 2527 659 2564 non
681 2511 792 2579 ingrata
819 2511 917 2577 Gallis,
939 2519 963 2564 el

169 2586 298 2655 maxime,
317 2586 392 2659 qudd
406 2589 468 2660 ipse
487 2592 581 2646 animo
598 2609 655 2647 non
669 2593 808 2647 defecerat
824 2602 903 2647 tanto
921 2607 967 2645 ac-

169 2677 251 2737 cepto
265 2669 454 2738 incommodo,
467 2689 559 2742 neque
577 2690 607 2728 se
619 2675 649 2728 in
667 2673 808 2728 occultum
819 2674 966 2728 abdiderat

167 2760 195 2806 et
204 2763 386 2824 conspectum
397 2754 585 2811 multitudinis
597 2756 722 2826 fugeram
742 2757 861 2824 plusque
870 2757 965 2811 animo
