1996 3144
119 164 121 166 ⁵
176 200 389 256 nummo
409 200 593 264 cnrrrco,
610 201 690 255 Lm.
715 203 780 256 tur.
852 217 886 271 19

118 340 243 395 XXVII.
264 342 379 394 Postero
392 340 438 393 die
452 342 555 408 caesar,
569 349 699 410 promota
712 341 780 396 turri
794 342 884 396 direc-

81 422 172 492 tisque
197 422 336 493 operibus,
367 440 430 492 quae
454 423 547 476 {acere
578 423 746 492 instituerat,
776 441 880 492 magno

81 514 178 558 coorto
198 505 297 573 imbre,
319 521 377 558 non
402 503 530 558 inutilem
555 505 629 557 hanc
652 506 690 558 ad
714 504 882 574 capiendum

81 587 230 641 consilium
249 596 447 657 tempestatem
468 586 620 640 arbitratus
641 597 692 655 est,
706 585 781 656 quod
799 586 883 655 paulb

80 667 221 722 incautius
247 669 390 723 custodias
415 669 445 721 in
469 685 550 721 muro
581 667 734 737 dispositas
758 667 883 735 videbat,

80 767 202 821 suosque
214 749 374 820 languidius
393 749 423 803 in
441 767 526 820 opere
545 751 650 805 versari
667 751 760 820 jussit,
774 760 802 806 et
814 753 883 822 quid

80 833 140 886 fieri
160 835 243 888 vellet
265 834 397 889 ostendit.
436 833 664 903 Legionibusque
695 833 768 888 inter
789 845 883 888 castra

79 914 230 984 vineasque
241 916 270 969 in
285 916 394 969 occulto
416 915 566 984 expeditis,
586 915 758 982 cohortatus,
781 925 811 970 ut
833 916 881 970 ali-

79 997 193 1066 quando
205 1015 256 1066 pro
270 998 356 1052 tantis
370 996 515 1051 laboribus
533 995 655 1051 fructum
675 997 800 1052 victoriae
820 1015 881 1067 per·

80 1078 213 1148 ciperent,
224 1078 266 1146 iis,
281 1080 327 1148 qui
341 1078 424 1146 primi
434 1094 544 1132 murum
554 1078 756 1143 ascendissent,
765 1078 882 1148 praemia

80 1160 224 1229 proposuit
246 1159 437 1229 militibusque
457 1159 571 1228 signum
592 1159 678 1214 dedit.
717 1160 761 1214 Illi
789 1159 881 1215 subito

79 1259 114 1296 ex
124 1243 253 1297 omnibus
263 1243 389 1312 partibus
397 1241 749 1312 evolaveruntmurumque
757 1244 881 1299 celeriter

79 1327 297 1394 compleverunt.

72 1422 74 1426 ⁴
114 1409 256 1462 XXVIII.
277 1409 383 1463 Hostes
394 1423 425 1462 re
445 1413 520 1462 nova
540 1407 686 1477 perterritI,
699 1425 780 1463 muro
798 1409 879 1464 turri-

79 1490 188 1560 busque
200 1491 310 1560 dejecti,
323 1490 353 1544 in
365 1489 426 1544 soro
439 1507 474 1544 ac
485 1490 555 1543 locis
565 1490 769 1560 patentioribus
779 1508 878 1546 cunea-

77 1573 129 1626 tim
149 1573 342 1636 constiterunt,
364 1572 419 1625 hoc
439 1571 542 1633 animo,
564 1582 603 1635 ut,
623 1572 647 1626 si
668 1580 724 1642 qua
744 1589 779 1627 ex
798 1584 877 1643 parte

78 1653 192 1708 obviam
210 1652 332 1724 [contra]
351 1653 498 1722 veniretur,
517 1652 579 1707 acie
600 1654 736 1708 instructa
754 1655 878 1723 depugn-

77 1746 164 1790 arent.
204 1736 263 1791 Ubi
277 1736 419 1790 neminem
429 1735 458 1788 in
468 1735 684 1804 aequumlocum
693 1751 754 1790 sese
766 1737 877 1791 demitt-

76 1836 130 1886 ere,
149 1820 200 1873 sed
218 1827 277 1872 toto
290 1819 414 1888 undique
436 1833 516 1871 muro
535 1817 720 1871 circumfundi
734 1819 873 1882 viderunt,

76 1900 166 1968 veriti,
190 1917 226 1954 ne
250 1901 366 1954 omnino
393 1915 458 1968 spes
483 1899 558 1968 fugae
582 1898 731 1962 tolleretur,
758 1901 876 1970 abjectis

75 1984 171 2050 armis,
184 1982 295 2036 ultimas
309 1980 405 2050 oppidi
419 1991 513 2050 partes
533 1980 686 2036 continenti
699 1981 804 2051 impetu
816 1990 876 2052 pet·

76 2064 184 2119 iverunt
196 2083 204 2128 ;
223 2081 343 2134 parsque
354 2064 401 2131 ibi,
415 2080 500 2133 quum
512 2073 633 2132 angusto
646 2065 720 2118 exitu
733 2075 875 2132 portarum
964 2118 966 2121 .

76 2163 106 2200 se
128 2145 182 2216 ipsi
204 2155 406 2215 premerent,·a
426 2143 572 2210 militibus,
593 2162 658 2215 pars
678 2146 738 2214 jam
763 2162 875 2214 egressa

74 2228 162 2297 portis
181 2227 219 2280 ab
240 2225 379 2297 equitibus
400 2235 443 2280 est
464 2225 617 2280 interfecta.
656 2229 718 2280 Nec
738 2228 788 2280 suit
802 2229 875 2296 quis·

74 2326 170 2380 quam,
184 2307 231 2378 qui
241 2308 346 2378 praedae
359 2308 493 2362 studeret.
533 2308 579 2361 Sic
593 2317 620 2361 et
635 2308 744 2361 Genabi
757 2309 834 2361 caede
847 2318 874 2363 et

74 2393 172 2446 labore
195 2391 287 2461 operis
311 2390 420 2445 incitati
451 2406 509 2443 non
540 2399 623 2443 aetate
649 2389 792 2456 consectis,
817 2407 873 2443 non

74 2474 244 2542 mulieribus,
257 2490 315 2527 non
332 2470 487 2526 infantibus
509 2482 703 2541 pepercerunt.
743 2472 873 2542 Denique

75 2557 152 2612 omni
163 2572 198 2611 ex
216 2570 342 2622 numero,
355 2552 403 2624 qui
418 2552 470 2607 fuit
491 2553 600 2608 circiter
620 2553 740 2607 millium
753 2555 872 2624 quadra·

74 2641 160 2710 ginta,
172 2638 220 2694 vix
232 2636 395 2706 octingenti,
408 2637 456 2708 qui
468 2638 560 2707 prImo
581 2637 704 2691 clamore
726 2638 823 2692 audito
842 2654 872 2692 se

73 2739 107 2780 ex
119 2721 223 2792 oppido
234 2721 383 2789 ejecerunt,
395 2717 551 2774 incolumes
564 2717 604 2773 ad
613 2718 891 2786 Vercingetorigem

452 2813 474 2860 C
491 2819 509 2858 2
