1996 3144
101 247 133 286 ιο
176 253 182 266 ·
312 231 341 285 e.
362 228 479 299 Jurlr
496 229 684 283 cmsnnrs

98 372 285 427 subleventur.
323 369 460 424 Pabulum
480 368 568 423 secari
587 385 644 423 non
666 385 767 438 posse;
786 382 896 422 necess·

99 451 159 508 arib
190 453 331 521 dispersos
362 452 459 506 hostes
487 469 521 505 ex
545 449 673 505 aedificiis
700 460 813 519 petere:
843 448 897 501 hos

99 550 197 589 omnes
207 533 331 604 quotidie
341 534 378 587 ab
386 533 526 602 equitibus
536 533 722 603 deleriposse.
759 533 898 586 Praeterea

99 616 196 670 salutis
219 622 305 671 causa
326 616 365 669 rei
384 614 529 669 familiaris
548 615 699 669 commoda
710 611 896 682 negligenda:

98 699 176 751 vicos
189 708 274 767 atque
286 696 407 752 aedificia
420 696 532 751 incendi
545 707 672 766 oportere
683 697 737 750 hoc
755 695 847 772 spatio
867 693 898 761 [a

102 777 186 848 Boia]
206 795 426 849 quoquoversus,
451 778 507 848 qub
532 778 686 848 pabulandi
712 784 798 832 causa
822 776 898 829 adire

99 877 183 930 posse
214 861 368 916 videantur.
419 860 530 915 Harum
560 859 628 930 ipsis
664 876 757 914 rerum
787 859 898 927 copiam

99 954 256 1013 suppetere,
268 942 353 1014 qubd,
366 960 485 1014 quorum
498 942 527 996 in
540 943 643 996 finibus
660 941 766 996 bellum
778 949 898 1008 geratur,

100 1043 196 1080 eorum
210 1027 311 1095 opibus
332 1026 528 1088 subleventur;
549 1025 694 1078 Romanos
706 1031 754 1078 aut
774 1023 899 1091 inopiam

100 1125 157 1161 non
177 1110 283 1162 laturos
296 1118 345 1162 aut
358 1124 463 1175 magno
484 1107 608 1176 periculo
627 1104 737 1173 longius
750 1106 787 1159 ab
800 1104 899 1159 castris

100 1207 297 1258 processuros3
325 1206 417 1259 neque
437 1190 579 1256 interesse,
599 1188 712 1257 ipsosne
733 1186 899 1242 interficiant

100 1270 346 1338 impedimentisne
372 1280 496 1334 exuant3
516 1272 617 1340 quibus
645 1269 765 1336 arnissis,
794 1269 899 1322 bellum

100 1352 158 1420 geri
172 1368 228 1404 non
242 1352 339 1420 possit.
378 1353 518 1405 Praeterea
529 1351 633 1420 oppida
642 1349 753 1404 incendi
763 1360 898 1422 oportere,

100 1451 163 1504 quae
183 1451 240 1487 non
262 1433 417 1488 munitione
438 1443 465 1487 et
487 1433 541 1487 loci
563 1439 665 1486 natura
686 1433 723 1486 ab
745 1432 821 1485 omni
843 1432 899 1484 sint

100 1515 223 1584 periculo
254 1525 322 1584 tuta,
352 1533 406 1570 neu
439 1515 496 1569 suis
529 1516 585 1570 sint
616 1515 653 1568 ad
685 1514 896 1569 detrectandam

100 1599 229 1653 militiam
250 1600 435 1668 receptacula,
461 1615 515 1653 neu
536 1598 672 1651 Romanis
699 1598 843 1666 proposita
861 1597 899 1650 ad

100 1682 212 1751 copiam
234 1688 408 1736 commeatis
429 1681 610 1750 praedamque
628 1679 789 1735 tollendam.
827 1681 899 1734 Haec

101 1765 124 1817 si
137 1764 235 1832 gravia
251 1774 299 1817 aut
319 1764 422 1817 acerba
442 1763 599 1829 videantur,
612 1759 700 1816 multo
722 1763 770 1816 illa
787 1763 899 1831 gravius

100 1847 248 1913 aestimare,
262 1845 372 1911 liberos,
387 1844 520 1912 conjuges
543 1845 572 1896 in
585 1844 746 1899 servitutem
764 1842 899 1910 abstrahi,

100 1930 177 2000 ipsos
190 1927 307 1982 interfici
320 1948 327 1994 3
347 1944 410 1996 quae
422 1927 458 1980 sit
470 1942 587 1981 necesse
599 1927 727 1981 accidere
739 1926 827 1980 victis.

136 2011 199 2064 XV.
221 2009 355 2065 Omnium
375 2025 515 2063 consensu
536 2010 590 2064 hac
613 2009 751 2064 sententia
772 2009 898 2078 probata,

100 2111 158 2149 uno
179 2095 225 2149 die
244 2091 365 2163 amplius
384 2091 484 2162 viginti
503 2093 587 2147 urbes
608 2092 766 2160 Biturigum
785 2091 899 2147 incend-

101 2186 191 2231 untur.
229 2178 293 2230 Hoc
312 2176 387 2230 idem
405 2174 435 2228 in
454 2175 568 2245 reliquis
596 2174 629 2228 fit
653 2173 821 2230 civitatibus.
866 2174 901 2227 In

101 2259 232 2314 omnibus
243 2259 370 2330 partibus
384 2258 515 2314 incendia
528 2257 739 2328 conspiciuntur
750 2277 758 2324 3
777 2274 840 2327 quae
848 2255 900 2311 etsi

85 2335 205 2410 'magno
218 2342 391 2397 cumdolore
404 2358 504 2397 omnes
516 2341 653 2408 serebant,
666 2350 761 2395 tamen
779 2340 834 2394 hoc
847 2337 900 2392 sibi

104 2420 195 2477 solatii
221 2426 425 2492 proponebant,
454 2421 545 2495 [qudd
576 2440 606 2478 se
636 2420 734 2492 propb]
758 2423 901 2490 explorata

101 2498 901 2574 victoriaceleriteramissarecuperaturos[confidebant].

104 2585 280 2642 Deliberatur
287 2588 324 2642 de
332 2590 453 2641 Avarico
462 2589 491 2640 in
502 2587 645 2642 communi
652 2585 779 2652 concilio,
789 2582 901 2638 incendi

101 2669 225 2737 placeret
237 2687 274 2723 an
296 2669 416 2723 delendi.
437 2669 647 2723 tProcumbunt
665 2666 795 2721 omnibus
809 2665 899 2720 Gallis

101 2750 139 2805 ad
151 2751 238 2821 pedes
253 2751 401 2818 Bituriges,
414 2767 449 2806 ne
470 2749 688 2820 pulcherrimam
708 2747 796 2819 prope
814 2749 896 2803 totius
