1996 3144
173 231 234 283 nn
251 229 386 284 annno
407 225 592 292 cutmen,
610 226 691 281 rra.
717 227 783 280 VII,
868 242 883 295 3

84 368 268 439 regionesque
289 368 449 438 significant
461 387 468 434 ;
487 365 563 420 hunc
579 365 626 420 alii
639 366 773 437 deinceps
787 368 881 438 excip-

84 449 145 503 iunt
169 460 197 505 et
215 451 350 520 proximis
368 449 490 516 tradunt,
515 457 546 501 ut
565 459 625 503 tum
646 451 758 505 accidit.
805 453 881 506 Nam

82 546 147 599 quae
161 532 268 587 Cenabi
282 531 387 586 oriente
399 530 459 585 sole
470 540 552 598 gesta
564 541 667 599 essent,
681 542 746 586 ante
759 532 881 602 primam

82 614 241 669 confectam
261 614 385 683 vigiliam
404 613 433 666 in
452 612 554 666 finibus
574 614 763 668 Arvernorum
784 615 881 669 audita

83 705 156 764 sunt,
175 697 251 767 quod
273 697 395 764 spatium
414 703 457 749 est
476 693 595 748 millium
616 712 751 764 passuum
770 697 881 751 circiter

82 788 195 832 centum
208 786 235 832 et
248 779 403 846 sexaginta.

119 860 167 912 IV.
188 859 278 914 Simili
314 859 421 913 ratione
450 858 489 912 ibi
519 859 741 927 Vercingetorix,
773 860 876 915 Celtilli

82 941 445 1009 filius,'Arvemus,summae
454 941 877 1012 potentiaeadolescens-cujus

82 1032 162 1092 pater
174 1024 362 1093 principatum
383 1022 484 1076 Galliae
503 1023 588 1076 totius
611 1022 768 1077 obtinuerat
791 1033 818 1077 et
840 1026 877 1078 ob

79 1120 144 1158 eam
156 1121 280 1173 causam,
294 1103 368 1173 qudd
386 1120 503 1171 regnum
523 1105 683 1173 appetebat,
706 1105 743 1157 ab
764 1106 876 1159 civitate

77 1195 139 1240 erat
159 1185 518 1241 interiectus-eonvocatis
539 1186 596 1239 suis
617 1184 766 1241 clientibus
794 1187 877 1242 facile

79 1268 212 1323 incendit.
251 1266 372 1335 Cognito
385 1267 444 1337 ejus
460 1268 579 1321 consilio
591 1266 628 1320 ad
642 1285 721 1321 arma
744 1285 874 1324 concurr·

79 1350 141 1404 itur.
183 1350 349 1405 Prohibetur
376 1351 414 1403 ab
445 1349 663 1415 Gobannitione,
695 1361 795 1418 patruo
816 1369 875 1420 suo,

80 1431 250 1503 reliquisque
262 1430 444 1500 principibus,
458 1432 505 1499 qui
524 1432 598 1484 hanc
618 1431 785 1486 tentandam
808 1433 873 1488 tort·

78 1532 164 1568 unam
172 1531 228 1568 non
233 1513 442 1576 existimabant;
453 1513 597 1581 expellitur
602 1529 635 1566 ex
641 1513 744 1582 oppido
753 1517 874 1583 Gergov-

78 1598 104 1651 ia
117 1612 174 1651 non
188 1595 294 1651 destitit
307 1606 402 1650 tamen
424 1603 509 1663 atque
529 1595 558 1648 in
578 1597 654 1661 agris
675 1597 760 1650 habet
783 1597 873 1650 delec-

77 1686 137 1734 tum
149 1677 291 1747 egentium
312 1693 346 1731 ac
366 1675 545 1745 perditorum.
586 1677 650 1729 Hac
669 1683 766 1730 coacti
779 1695 873 1746 manu,

77 1775 268 1831 quoscumque
280 1759 341 1813 adit
362 1775 396 1812 ex
408 1758 529 1824 civitate,
543 1759 581 1811 ad
601 1774 683 1811 suam
703 1760 872 1814 sententiam

77 1841 223 1914 perducit;
241 1842 376 1907 hortatur,
396 1849 427 1894 ut
448 1839 607 1893 communis
629 1840 767 1894 libertatis
789 1852 873 1896 causa

77 1941 156 1978 arma
169 1924 291 1992 capiant,
302 1924 468 1992 magnisque
481 1921 587 1975 coactis
599 1922 687 1991 copiis
698 1921 872 1976 adversarios

77 2023 153 2074 suos,
166 2005 298 2075 aquibus
311 2003 395 2075 paulo
413 2014 479 2058 ante
501 2013 561 2057 erat
582 2003 696 2072 ejectus,
710 2005 820 2072 expellit
839 2022 872 2059 ex

76 2089 196 2142 civitate.
225 2088 330 2141 Rexab
339 2088 396 2140 suis
404 2087 570 2156 appellatur.
611 2085 736 2138 Dimittit
747 2102 871 2156 quoquo-

75 2186 171 2225 versus
183 2170 338 2237 legationes
349 2189 356 2233 ;
376 2169 540 2231 obtestatur,
560 2177 590 2222 ut
614 2168 643 2221 in
656 2168 710 2220 fide
730 2180 871 2226 maneant.

78 2252 209 2306 Celeriter
221 2251 274 2305 sibi
288 2252 422 2316 Senones,
443 2250 573 2315 Parisios,
590 2250 730 2317 Pictones,
751 2250 872 2306 Cadurc-

76 2349 116 2401 os,
129 2334 267 2392 Turonos.
280 2331 424 2393 Aulercos,
436 2332 609 2397 Lemovices,
623 2332 722 2386 Andos
736 2334 870 2403 reliquos·

75 2432 131 2485 que
160 2430 268 2482 omnes,
292 2415 340 2483 qui
366 2416 512 2468 Oceanum
542 2414 692 2482 attingunt,
723 2414 870 2484 adjungit;

75 2497 201 2550 omnium
209 2512 348 2550 consensu
360 2496 397 2548 ad
408 2511 472 2548 eum
482 2481 604 2549 defertur
613 2496 769 2564 imperium.
808 2498 871 2568 Qua

75 2579 171 2631 oblata
190 2587 337 2646 potestate,
356 2577 486 2629 omnibus
512 2576 556 2630 his
578 2577 736 2631 civitatibus
757 2578 870 2638 obsides

74 2659 200 2729 imperat,
213 2669 320 2714 certum
337 2675 484 2712 numerum
496 2658 617 2711 militum
637 2659 675 2712 ad
695 2675 726 2713 se
745 2659 870 2715 celeriter

74 2742 177 2801 adduci
193 2741 282 2810 jubet,
302 2756 444 2797 armorum
466 2749 602 2807 quantum
628 2756 747 2808 quaeque
767 2742 867 2796 civitas

466 2832 484 2873 B
502 2836 518 2874 2
