1996 3144
101 297 131 339 12
311 289 341 340 c
360 284 478 355 Jorrr
494 283 683 340 cAEsAan

100 427 217 482 Summa
230 425 394 481 difficultate
405 425 445 480 rei
457 423 648 480 frumentariae
660 422 760 478 allecto
773 423 894 478 exercitu

99 508 234 562 tenuitate
247 506 389 575 Boiorum,
402 506 749 576 indiligentiaAEduorum,
757 505 895 560 incendiis

99 588 290 658 aedificiorum,
302 606 390 661 usque
402 589 442 657 eb,
455 599 486 644 ut
504 588 662 658 complures
675 587 735 643 dies
756 588 896 641 Immerito

98 671 202 726 milites
215 673 355 727 caruerint
366 682 402 741 et,
415 687 516 740 pecore
529 687 564 725 ex
574 670 815 740 longinquioribus
826 669 896 722 vicis

100 753 210 822 adacto,
223 764 376 809 extremam
387 752 492 808 samem
505 761 701 819 sustentarent,
713 753 790 806 nulla
802 760 897 805 tamen

99 853 154 891 vox
166 844 209 890 est
221 837 258 890 ab
271 836 305 890 iis
326 836 424 890 audita
441 835 538 905 populi
562 834 683 888 Romani
702 833 850 902 majestate
869 842 897 887 et

100 918 289 988 superioribus
301 918 426 973 victoriis
448 917 571 985 indigna.
610 916 783 984 Quinetiam
798 918 896 970 Caesar

100 1017 187 1070 quum
206 1001 235 1054 in
255 1017 340 1070 opere
358 1000 484 1069 singulas
504 998 630 1068 legiones
651 998 805 1068 appellaret
822 1007 860 1065 et,
873 995 896 1050 si

101 1080 229 1137 acerbiirs
242 1081 366 1152 inopiam
378 1084 488 1151 ferrent,
501 1098 532 1135 se
553 1081 733 1135 dimissurum
755 1096 898 1148 oppugna·

101 1165 206 1219 tionem
236 1166 348 1233 diceret,
380 1165 502 1220 universi
532 1165 570 1218 ab
597 1180 640 1233 eo,
670 1181 706 1219 ne
734 1164 763 1218 id
786 1164 898 1229 faceret,

102 1246 246 1316 petebant:
266 1248 306 1301 sic
328 1264 358 1300 se
371 1249 527 1317 complures
549 1263 647 1314 annos,
669 1248 716 1300 illo
736 1247 898 1314 imperante,

103 1327 245 1395 meruisse,
265 1338 295 1382 ut
318 1329 424 1382 nullam
444 1330 628 1396 ignominiam
647 1329 812 1397 acciperent,
835 1342 899 1380 nus-

104 1427 187 1482 quam
211 1409 373 1478 inceptare
394 1410 588 1475 discederent;
614 1411 668 1464 hoc
688 1427 719 1464 se
740 1408 901 1478 ignominiae

103 1495 209 1548 laturos
230 1494 302 1561 loco,
323 1494 347 1546 si
369 1493 510 1562 inceptam
534 1492 772 1561 oppugnationem
796 1492 899 1561 reliqu·

105 1575 192 1631 issent
205 1596 212 1642 ;
231 1584 365 1645 praestare
387 1592 483 1629 omnes
493 1575 614 1644 perferre
627 1576 804 1644 acerbitates,
817 1573 902 1645 quitm

105 1675 162 1713 non
170 1658 278 1713 civibus
291 1659 436 1725 Romanis,
445 1659 493 1728 qui
507 1658 617 1712 Genabi
627 1658 746 1729 perfidia
759 1659 904 1712 Gallorum

106 1741 274 1810 interissent,
286 1750 473 1812 parentarent
507 1741 579 1794 Haec
587 1741 687 1794 eadem
696 1739 904 1795 centurionibus

106 1824 280 1893 tribunisque
305 1823 426 1877 militum
453 1822 636 1889 mandabant,
665 1831 696 1876 ut
721 1838 771 1891 per
794 1837 843 1875 eos
867 1818 905 1873 ad

109 1905 250 1960 Caesarem
262 1903 442 1959 deferrentur.

143 1987 254 2040 XVIII.
270 1987 363 2055 Quum
371 1987 431 2055 jam
438 2004 517 2041 muro
526 1996 615 2042 turres
625 1984 905 2055 appropinquassent,

109 2086 143 2122 ex
155 2069 273 2138 captivis
292 2069 389 2122 Caesar
407 2069 540 2138 cognovit
551 2069 818 2138 VercIngetorigem,
837 2085 905 2123 con-

110 2161 221 2221 sumpto
240 2151 353 2221 pabulo,
367 2161 460 2206 castra
479 2153 603 2206 movisse
621 2148 737 2222 propiirs
756 2152 907 2205 Avaricum

110 2244 194 2304 atque
206 2235 299 2303 Ipsum
317 2251 383 2289 cunr
402 2235 530 2305 equitatu
548 2234 749 2304 expeditisque,
771 2233 818 2304 qui
837 2234 909 2288 inter

110 2315 217 2386 equites
228 2316 352 2387 proeliari
371 2316 563 2386 consuessent,
583 2317 748 2371 insidiarum
768 2322 854 2371 causa
874 2313 908 2370 eb

110 2399 274 2468 profectum,
299 2398 354 2470 qub
383 2410 495 2455 nostros
527 2409 639 2470 postero
670 2400 715 2453 die
745 2399 910 2468 pabulatum

110 2490 241 2536 venturos
249 2483 438 2537 arbitraretur.
476 2483 585 2552 Quibus
594 2483 677 2536 rebus
687 2481 806 2549 cognitis
815 2481 910 2535 media

112 2572 195 2617 nocte
209 2564 320 2618 silentio
342 2565 483 2632 profectus
504 2565 542 2616 ad
562 2564 686 2618 hostium
714 2571 807 2617 castra
825 2560 909 2615 mane

114 2647 246 2715 pervenit.
284 2646 336 2712 Illi,
355 2646 482 2700 celeriter
508 2662 558 2714 per
575 2646 764 2715 exploratores
787 2643 909 2698 adventu

115 2728 234 2782 'Eaesaris
256 2727 377 2796 cognito,
402 2743 497 2781 carros
522 2728 778 2796 impedimentaque
803 2743 854 2779 sua
881 2727 909 2778 in

115 2811 232 2863 artiores
257 2810 341 2863 silvas
366 2808 542 2878 abdiderunt,
562 2809 658 2878 copias
678 2824 775 2862 omnes
800 2809 828 2860 in
847 2807 910 2860 loco
