1996 3144
176 240 237 294 na
254 209 390 293 nario
410 233 595 300 caturca,
614 232 695 286 rra.
721 233 786 288 Vll.
854 247 887 302 41

89 378 210 433 tumultu
220 377 360 446 proficisci
370 375 497 444 imperat.
524 372 670 442 Conquirit
681 374 766 426 etiam
774 374 870 428 lintres
881 392 890 440 ;

90 459 141 516 has
161 477 266 530 magno
287 459 380 514 sonitu
401 473 542 511 remorum
569 456 700 510 incitatas
720 456 749 509 in
770 456 890 510 eandem

86 552 196 613 partem
215 542 314 599 mittit.
350 543 416 610 Ipse
436 537 501 610 pbst
527 538 611 608 paulb
631 540 741 594 silentio
760 556 889 608 egressus

86 641 152 686 cum
164 625 255 679 tribus
267 622 426 692 legionibus
444 639 507 678 eum
525 624 619 676 locum
636 622 714 692 petit,
727 639 783 691 quo
801 638 888 676 naves

85 707 190 777 appelli
199 707 330 777 jusserat.

122 788 199 842 LXI.
220 786 263 843 Εὸ
275 805 362 859 quum
383 795 458 842 esset
477 796 601 853 ventum,
615 786 802 856 exploratores
821 787 887 840 hos·

84 870 165 939 tium,
178 878 208 924 ut
221 871 298 924 omni
311 870 434 924 fluminis
446 877 528 940 parte
541 878 620 923 erant
629 868 765 938 dispositi,
779 869 887 938 inopin-

83 962 175 1020 antes,
188 951 264 1022 qubd
276 969 381 1022 magna
394 950 486 1007 subitb
499 960 558 1006 erat
571 963 667 1007 coorta
677 961 837 1019 tempestas,
850 952 887 1005 ab

84 1036 188 1090 nostris
202 1036 414 1104 opprimuntur;
434 1034 570 1089 exercitus
584 1034 786 1103 equitatusque,
799 1032 886 1101 equit-

83 1118 147 1173 ibus
167 1118 305 1172 Romanis
325 1116 599 1182 administrantibus,
626 1131 696 1184 quos
721 1116 746 1168 ei
773 1116 885 1183 negotio

82 1199 254 1270 praefecerat,
269 1199 394 1255 celeriter
413 1199 617 1254 transmittitur.
656 1199 723 1252 Uno
739 1195 797 1251 fere
815 1206 885 1252 tem-

82 1298 150 1351 pore
181 1282 233 1335 sub
264 1283 357 1336 lucem
387 1281 515 1336 hostibus
545 1281 689 1335 nuntiatur
725 1279 754 1333 in
785 1282 884 1335 castris

83 1365 277 1419 Romanorum
296 1375 398 1434 praeter
416 1364 648 1419 consuetudinem
667 1365 837 1433 tumultuari,
856 1375 884 1419 et

81 1463 217 1516 magnum
238 1445 279 1502 ire
300 1463 404 1516 agmen
423 1449 542 1502 adverso
561 1446 683 1514 flumine,
706 1448 883 1517 sonitumque

80 1546 222 1584 remorum
242 1528 272 1583 in
291 1530 392 1584 eadem
412 1539 492 1599 parte
511 1529 642 1596 exaudiri,
664 1538 692 1583 et
710 1528 793 1598 paulb
812 1530 884 1585 infra

79 1613 182 1667 milites
194 1612 312 1666 navibus
325 1612 517 1681 transportari.
556 1611 664 1680 Quibus
674 1612 758 1665 rebus
770 1613 882 1683 auditis,

79 1691 158 1764 quod
184 1694 385 1749 existimabant
409 1693 498 1748 tribus
526 1695 596 1748 locis
615 1693 734 1748 transire
758 1694 881 1763 legiones

79 1786 163 1846 atque
196 1793 294 1831 omnes
325 1776 503 1847 perturbatos
535 1776 692 1832 desectione
722 1777 880 1833 AEduorum

78 1858 172 1929 fugam
195 1876 303 1929 parare,
326 1877 391 1914 suas
411 1876 523 1931 quoque
540 1860 636 1930 copias
661 1861 690 1915 in
712 1871 766 1917 tres
785 1872 880 1932 partes

78 1943 287 1998 distribuerunt.
325 1944 401 1997 Nam
414 1944 546 2014 praesidio
564 1961 580 1998 e
599 1945 711 2014 regione
725 1955 879 2002 castrorum

78 2026 174 2080 relicto
193 2035 221 2080 et
242 2031 330 2096 parva
349 2042 435 2081 manu
456 2028 646 2082 Metiosedum
667 2046 763 2084 versus
781 2031 878 2099 missa,

77 2124 141 2178 quae
167 2105 279 2163 tantiam
310 2110 512 2179 progrediatur,
544 2109 680 2180 quantum
706 2130 791 2168 naves
815 2130 878 2182 pro·

77 2190 237 2261 cessissent,
256 2191 378 2261 reliquas
398 2195 494 2262 copias
516 2203 614 2249 contra
634 2195 788 2250 Labienum
806 2198 874 2251 dux·

76 2284 166 2328 erunt.

114 2359 206 2414 LXII.
227 2360 322 2414 Prima
341 2362 403 2415 luce
423 2369 451 2414 et
472 2359 560 2415 nostri
574 2378 671 2416 omnes
690 2373 769 2418 erant
787 2370 875 2417 trans-

77 2441 180 2510 portati
206 2452 235 2497 et
259 2443 385 2498 hostium
410 2443 486 2498 acies
512 2446 685 2501 cernebatur.
735 2445 874 2500 Labienus

76 2524 177 2579 milites
209 2526 380 2593 cohortatus,
412 2537 441 2582 ut
472 2543 531 2581 suae
559 2528 684 2597 pristinae
708 2529 816 2584 virtutis
846 2538 874 2583 et

75 2606 341 2662 secundissimorum
353 2610 514 2678 proeliorum
534 2612 684 2667 retinerent
702 2613 872 2680 memoriam,

75 2696 162 2759 atque
183 2690 275 2760 ipsum
298 2693 447 2758 Caesarem,
472 2692 549 2762 cujus
578 2695 666 2749 ductu
683 2692 890 2763 saepenumero

75 2770 173 2828 hostes
186 2771 370 2846 superassent,
383 2785 562 2847 praesentem
570 2779 681 2833 adesse
692 2773 920 2829 eurst'xmarems
