1996 3144
119 295 153 351 16
331 294 361 347 c.
381 293 500 363 Jurrr
515 293 702 346 CAEsAars

118 434 310 490 cuniculorum
336 443 435 487 notum
456 441 539 503 atque
563 433 697 487 usitatum
722 443 772 488 est.
810 436 914 488 Totum

118 525 214 570 autern
231 531 343 569 murum
355 530 389 568 ex
401 516 477 569 omni
496 525 575 584 parte
594 515 715 569 turribus
735 516 914 569 contabulav-

119 607 206 666 erant,
225 605 308 666 atque
326 597 378 650 has
399 597 482 651 coriiS
506 597 668 651 intererant.
713 599 787 652 Turn
811 599 915 651 crebris

119 679 225 733 diurnis
238 680 438 748 nocturnisque
449 678 640 749 eruptionibus
653 688 701 732 aut
714 679 809 748 aggeri
822 681 916 748 ignem

119 761 282 828 Inserebant‚
302 769 350 814 aut
375 761 477 815 milites
503 769 654 830 occupatos
676 761 705 813 in
727 778 811 830 opere
835 762 916 816 ador-

118 844 255 906 iebantur,
268 851 296 897 et
310 853 470 896 nostrarum
490 844 607 896 turrium
628 843 813 911 altitudinem,
827 861 915 913 quan·

118 924 180 980 tirm
197 925 250 978 has
263 925 443 994 quotidianus
464 941 549 993 agger
562 935 744 993 expresserat,
758 927 917 980 commissis

120 1024 233 1063 suarum
254 1006 372 1061 turrium
398 1007 489 1073 malis,
516 1007 725 1076 adaequabant,
753 1016 781 1062 et
805 1011 917 1078 apertos

122 1090 265 1144 cuniculos
289 1096 413 1159 praeusta
429 1099 465 1144 et
491 1097 634 1158 praeacuta
660 1091 778 1145 materia
803 1101 831 1146 et
856 1092 918 1160 pice

123 1171 274 1227 fervefacta
295 1182 322 1226 et
345 1171 461 1225 maximi
479 1172 612 1241 ponderIs
635 1172 708 1227 saxis
727 1174 918 1240 morabantur,

123 1254 317 1322 moenibusque
330 1255 556 1324 appropinquare
569 1255 765 1324 prohibebant.
807 1303 810 1309 .

155 1336 268 1388 XXIII.
290 1335 365 1389 Muri
377 1344 472 1388 autern
481 1351 579 1389 omnes
589 1337 690 1390 Gallici
699 1338 753 1390 hac
766 1337 822 1392 ferb
829 1340 920 1392 forma

123 1426 196 1472 sunt.
232 1417 340 1470 Trabes
363 1417 479 1471 directae
502 1426 644 1487 perpetuae
665 1417 694 1471 in
715 1418 919 1487 longitudinem

120 1501 235 1572 paribus
248 1498 412 1566 intervallis,
434 1498 572 1554 distantes
594 1500 667 1553 inter
680 1516 711 1554 se
726 1501 809 1555 blnos
822 1503 918 1572 pedeS,

120 1587 149 1638 in
162 1585 222 1638 solo
236 1584 417 1638 collocantur.
455 1584 511 1637 Hae
531 1583 720 1637 revinciuntur
741 1584 877 1640 introrsus
890 1595 916 1641 et

119 1666 209 1722 multo
221 1682 322 1736 aggere
334 1665 490 1720 vestiuntur
500 1685 508 1732 ;
528 1683 561 1720 ea
582 1675 684 1733 autern,
704 1681 769 1735 quae
788 1667 917 1736 diximus,

122 1751 268 1806 intervalla
287 1748 440 1818 grandibus
462 1748 491 1801 in
513 1749 604 1801 fronte
629 1749 704 1800 saxis
729 1748 915 1805 effarciuntur.

122 1833 177 1888 His
189 1831 333 1887 collocatis
346 1839 374 1884 et
394 1829 607 1896 coagmentatis,
628 1828 700 1882 alius
720 1828 835 1898 insuper
847 1832 916 1885 ordo

108 1915 240 1981 additur,
252 1921 284 1967 ut
298 1913 373 1966 idern
392 1910 461 1965 illud
483 1910 659 1963 intervallum
680 1920 805 1964 servetur
826 1929 916 1982 neque

121 1998 194 2051 inter
206 2012 236 2049 se
248 1994 412 2059 contingant
425 1991 528 2059 trabes,
541 1990 592 2045 sed
612 1991 727 2060 paribus
749 1993 917 2050 intermissae

122 2077 219 2147 spatiis
239 2075 356 2144 singulae
378 2073 495 2142 singulis
516 2073 590 2128 saxis
603 2073 755 2143 interjectiS
773 2074 832 2130 arte
853 2094 918 2130 con·

121 2160 268 2214 tineantur.
306 2155 492 2224 Sicdeinceps
501 2171 584 2208 omne
594 2171 664 2223 opus
677 2157 839 2224 contexitur,
849 2158 917 2212 dum

119 2243 195 2311 justa
205 2239 277 2293 muri
285 2239 402 2293 altitudo
410 2239 559 2307 expleatur.
587 2239 652 2292 Hoc
662 2255 748 2307 quum
756 2239 784 2292 in
795 2241 917 2309 speciem

122 2325 339 2392 varietatemque
352 2338 422 2392 opus
439 2321 563 2376 deforme
575 2337 633 2374 non
646 2330 688 2375 est
701 2321 814 2381 alternIs
832 2324 917 2376 trabi-

121 2408 174 2461 bus
187 2424 219 2460 ac
233 2405 317 2473 saxis,
330 2422 394 2474 quae
405 2404 489 2458 rectis
502 2403 582 2458 lineis
596 2420 661 2457 suos
672 2403 783 2457 ordines
797 2415 917 2471 servant,

121 2499 181 2546 tum
193 2487 230 2540 ad
242 2487 391 2541 utilitatem
405 2495 433 2540 et
446 2485 639 2539 defensionem
653 2486 763 2538 urbium
777 2501 917 2540 summam

122 2571 208 2624 habet
221 2568 459 2637 opportunitatem
469 2586 477 2632 ;
496 2564 572 2634 qubd
592 2574 621 2620 et
642 2567 679 2620 ab
702 2567 833 2621 incendio
844 2568 917 2637 lapis

122 2662 150 2707 et
163 2652 199 2705 ab
213 2651 300 2704 ariete
312 2648 431 2703 materia
444 2647 578 2715 defendit,
592 2665 655 2716 quae
677 2649 820 2717 perpetuis
832 2651 918 2704 trabi·

123 2734 176 2787 bus
184 2732 270 2800 pedes
278 2727 784 2801 quadragenosplerumqueintrorslrs
794 2731 917 2785 revincta

123 2829 214 2885 neque
228 2812 374 2882 perrumpi
386 2827 478 2883 neque
490 2811 609 2867 distrahi
621 2820 721 2880 potest.
