1996 3144
172 198 232 250 DE
250 197 387 251 BELLO
408 197 593 258 GALLICO,
612 199 688 251 LIB.
714 197 778 251 VII.
839 212 873 265 47

74 336 233 407 territisque
257 338 395 405 hostibuS,
420 333 496 406 quod
520 337 730 407 equitatu„qua
754 337 874 392 maxime

73 428 154 490 parte
167 419 305 474 exercitus
318 418 508 486 confidebant,
522 427 601 472 erant
615 419 696 488 pulsi,
710 420 874 474 adhortatus

75 501 113 555 ad
125 502 252 556 laborem
265 503 367 557 milites
381 500 593 555 circumvallare
606 500 734 555 instituit.

111 585 216 639 LXIX.
237 586 335 654 Ipsum
365 594 425 637 erat
455 583 591 653 oppidum
622 584 717 638 Alesia
747 583 776 637 in
806 585 876 638 colle

75 682 187 720 summo
213 667 368 720 admodum
396 664 472 720 edito
493 666 564 733 loco,
593 675 624 720 ut
651 666 705 719 nisi
731 666 877 721 obsidione

74 747 227 816 expugnari
240 764 297 801 non
310 765 394 817 posse
406 748 564 813 videretur;
584 746 662 815 cujus
677 748 754 802 collis
768 749 876 803 radices

76 829 132 883 duo
145 829 255 885 duabus
268 847 302 884 ex
313 830 441 899 partibus
455 828 570 882 flumina
590 831 765 885 subluebant.
802 832 876 885 Ante

74 912 104 966 id
118 913 253 982 oppidum
266 913 397 983 planities
413 912 523 966 circiter
535 914 623 967 millia
634 930 770 982 passuum
782 914 835 967 tria
847 915 877 967 in

75 993 279 1063 longitudinem
290 996 406 1064 patebat
419 1013 426 1060 ;
446 993 558 1062 reliquis
569 1011 603 1048 ex
613 995 744 1048 omnibus
751 995 877 1062 partibus

75 1075 170 1144 colles,
188 1076 322 1130 mediocri
341 1076 486 1145 interjecto
514 1076 613 1144 spatio,
638 1077 698 1145 pari
723 1076 877 1131 altitudinis

76 1156 187 1226 fastigio
200 1158 335 1229 oppidum
349 1158 507 1226 cingebant.
547 1159 606 1212 Sub
627 1176 715 1228 muro,
728 1177 792 1229 quae
813 1177 877 1228 pars

75 1240 155 1294 collis
175 1242 213 1295 ad
227 1242 368 1296 orientem
388 1242 476 1295 solem
496 1242 651 1311 spectabat,
671 1243 746 1296 hunc
765 1259 877 1296 omnem

75 1322 170 1393 locum
182 1323 270 1392 copiae
285 1323 429 1378 Gallorum
443 1325 659 1393 compleverant,
678 1325 839 1394 fossamque
851 1334 878 1379 et

77 1405 229 1459 maceriam
242 1422 290 1460 sex
310 1405 339 1458 in
361 1405 539 1460 altitudinem
559 1406 664 1474 pedum
676 1408 877 1476 praeduxerant.

77 1487 147 1555 Ejus
168 1487 341 1554 munitionis,
362 1505 425 1557 quae
453 1488 489 1541 ab
516 1489 652 1542 Romanis
677 1489 879 1557 instituebatur,

77 1568 208 1623 circuitus
222 1571 354 1624 undecim
367 1569 455 1623 millia
470 1586 605 1638 passuum
620 1570 741 1623 tenebat.
780 1571 879 1623 Castra

77 1652 241 1721 opportunis
253 1651 322 1706 locis
336 1661 416 1706 erant
430 1652 523 1722 posita
541 1652 635 1722 ibique
654 1653 770 1705 castella
781 1652 879 1720 viginti

77 1733 131 1787 tria
154 1735 238 1802 facta,
263 1734 363 1803 quibus
389 1736 419 1788 in
445 1735 566 1788 castellis
593 1734 713 1788 interdiu
744 1734 878 1790 stationes

77 1816 261 1884 ponebantur,
286 1832 322 1870 ne
352 1833 409 1887 qua
438 1815 532 1871 subitb
557 1817 665 1886 eruptio
696 1817 790 1883 fieret;
818 1819 879 1873 haec

77 1898 178 1952 eadem
191 1908 277 1953 noctu
290 1900 498 1954 excubitoribus
521 1917 554 1954 ac
568 1899 654 1954 firmis
668 1901 807 1969 praesidiis
820 1909 880 1956 ten·

80 1981 206 2035 ebantur.

114 2063 204 2118 LXX,
224 2063 317 2131 Opere
330 2064 466 2132 instituto,
479 2066 510 2118 fit
519 2073 648 2134 equestre
661 2066 791 2134 proelium
804 2065 833 2119 in
846 2072 880 2119 ea

78 2144 204 2215 planitie,
230 2162 315 2215 quam
345 2147 536 2202 intermissam
567 2148 684 2201 collibus
716 2147 769 2200 tria
793 2148 880 2200 millia

28 2247 30 2251 ·
79 2242 214 2295 passuum
227 2226 254 2279 in
268 2226 472 2295 longitudinem
485 2238 581 2297 patere
595 2228 678 2298 suprin
690 2230 880 2282 demonstrav-

80 2314 161 2366 imus.
200 2314 316 2367 Summa
328 2315 354 2367 vi
368 2315 405 2368 ab
417 2315 542 2382 utrisque
556 2315 740 2368 contenditur.
780 2316 882 2368 Labor·

80 2395 193 2449 antibus
207 2396 310 2450 nostris
334 2398 430 2450 Caesar
444 2398 601 2450 Germanos
615 2397 764 2452 summittit
777 2398 882 2465 legion·

78 2494 166 2548 esque
177 2494 228 2546 pro
248 2479 349 2532 castris
361 2479 515 2548 constituit,
534 2496 569 2533 ne
587 2498 643 2550 qua
659 2480 752 2536 subito
766 2482 881 2550 irruptio

80 2562 117 2615 ab
126 2560 386 2631 hostiumpeditatu
395 2562 453 2617 fiat.
492 2563 627 2617 Praesidio
636 2564 778 2632 legionum
786 2563 882 2618 addito

80 2643 184 2697 nostris
198 2642 308 2696 animus
322 2651 457 2711 augetur;
475 2644 571 2699 hostes
594 2645 624 2698 in
643 2644 745 2711 sugam
762 2645 893 2704 cosle&

72 2733 112 2776 'se
130 2722 184 2792 ipsi
204 2722 383 2778 multitudiue
401 2724 568 2797 impediunt
578 2734 672 2792 utque
691 2714 926 2782 aeduensem
