1996 3144
174 215 235 267 DE
252 217 388 270 BELLO
409 217 592 286 GALLICO,
610 217 689 271 LIB.
713 217 777 269 Vll.
804 296 806 299 .
839 230 873 284 39

74 362 143 420 crat,
156 355 253 408 relicto
266 356 413 423 Agendici,
433 366 464 411 ut
486 366 559 411 esset
580 357 788 427 impedimentis
801 373 872 425 prae-

77 436 157 503 sidio,
166 455 230 490 cum
239 447 358 507 quatuor
365 439 521 505 legionibus
532 440 672 493 Lutetiam
681 439 873 508 proficiscitur.

77 519 112 573 Id
125 528 167 573 est
186 520 321 589 oppidum
341 520 520 589 Parisiorum,
543 521 619 592 quod
641 521 764 590 positum
783 531 825 576 est
845 522 872 576 in

75 603 167 657 insula
179 603 302 659 flumInIs
317 605 464 673 Sequanae.
503 606 589 674 Cujus
609 605 732 659 adventu
752 605 788 658 ab
808 605 874 659 hos·

76 685 150 739 tibus
164 687 285 755 cognito,
298 704 409 756 magnae
422 704 457 742 ex
469 687 595 742 finitimIs
609 688 770 743 civitatibus
784 688 875 756 copiae

75 778 273 824 convenerunt.
299 771 417 824 Summa
430 770 670 842 imperii—traditur
684 771 875 840 Camulogeno

75 851 204 918 Aulerc0,
217 853 265 922 qui
285 852 373 922 prope
385 853 530 909 confectus
548 864 632 908 aetate
651 864 747 909 tamen
759 862 874 924 propter

74 935 246 1003 singularem
258 936 406 991 scientIam
418 938 457 992 rei
471 938 599 992 militaris
617 937 655 991 ad
672 955 736 992 eum
749 947 792 991 est
803 937 875 990 hon-

41 1030 44 1034 ·
74 1035 154 1072 orem
170 1029 313 1074 evocatus.
350 1021 379 1074 Is
398 1037 485 1090 quum
503 1021 747 1074 anImadvertisset
764 1026 873 1087 perpet·

75 1118 142 1156 uam
151 1117 214 1156 esse
221 1101 362 1170 paludem,
370 1120 434 1172 quae
444 1103 569 1159 influeret
579 1103 608 1157 in
619 1103 780 1173 Sequanam
790 1112 875 1171 atque

75 1183 155 1237 illum
168 1200 281 1239 omnem
294 1185 387 1240 locum
397 1202 568 1256 magnopere
581 1187 738 1255 Impediret,
747 1183 794 1240 hic
807 1201 873 1238 con·

76 1267 148 1322 sedit
161 1278 326 1339 nostrosque
338 1269 457 1325 transitu
471 1268 619 1338 prohibere
632 1268 760 1323 instituit.

112 1350 220 1404 LVIII.
240 1351 380 1406 Labienus
401 1350 490 1420 primo
511 1351 610 1407 vineas
634 1369 726 1421 agere,
747 1350 872 1406 cratibus

75 1441 160 1502 atque
179 1448 279 1501 aggere
298 1434 431 1503 paludem
449 1435 559 1503 explere
579 1445 664 1505 atque
688 1436 741 1488 iter
763 1434 872 1487 munire

74 1515 236 1570 conabatur.
275 1517 428 1586 Postquam
450 1516 479 1570 id
499 1517 640 1571 difficilius
654 1517 769 1570 confieri
783 1517 873 1569 amm-

76 1597 204 1666 advertit,
230 1598 341 1652 silentio
361 1615 378 1652 e
403 1598 502 1653 castris
527 1600 608 1654 tertia
628 1599 724 1667 vigilia
746 1615 874 1669 egressus

75 1682 185 1747 eodem,
199 1698 254 1752 quo
266 1691 389 1748 venerat,
410 1680 507 1736 itmere
527 1682 717 1736 Metiosedum
739 1682 873 1750 pervenit.

77 1765 112 1819 Id
123 1775 166 1820 est
182 1765 317 1833 oppidum
331 1765 484 1833 Senonum,
499 1764 527 1818 in
550 1764 641 1818 insula
651 1765 790 1835 Sequanae
802 1764 877 1834 posi-

76 1857 144 1915 tum,
157 1859 187 1904 ut
200 1846 285 1918 paulo
299 1845 364 1902 ante
376 1849 412 1902 de
435 1848 546 1902 Lutetia
564 1847 693 1902 diximus.
720 1848 874 1918 Deprensis

76 1930 193 1985 navibus
226 1932 334 1986 circiter
361 1929 564 2001 quinquaginta
597 1932 778 2002 celeriterque
808 1948 874 1986 con·

71 2013 185 2082 junctis,
199 2023 283 2083 atque
302 2013 335 2069 eb
357 2014 493 2069 militibus
516 2014 636 2084 injectis,
650 2024 677 2069 et
696 2016 736 2070 rei
750 2015 875 2070 novitate

75 2097 227 2166 perterritis
241 2097 399 2167 oppidanis,
414 2113 533 2167 quorum
555 2115 659 2166 magna
681 2115 746 2166 pars
765 2107 824 2152 erat
837 2097 874 2150 ad

74 2177 180 2232 bellum
201 2190 326 2248 evocata,
349 2181 409 2235 sine
430 2181 611 2236 contentione
635 2183 739 2251 oppido
761 2181 874 2250 potitur.

77 2259 193 2314 Refecto
217 2273 311 2331 ponte,
332 2280 416 2333 quem
442 2264 631 2332 superioribus
653 2264 751 2318 diebus
777 2264 873 2316 hostes

76 2343 255 2412 rescideram,
274 2346 427 2400 exercitum
438 2345 568 2413 traducit,
581 2354 609 2399 et
623 2347 747 2400 secundo
759 2344 873 2400 flumine

75 2425 112 2479 ad
124 2426 263 2480 Lutetiam
284 2425 336 2481 iter
347 2427 438 2481 facere
457 2427 552 2496 coepit.
590 2429 705 2496 Hostes,
718 2445 748 2483 re
761 2428 874 2495 cognita

75 2508 112 2560 ab
133 2508 176 2575 iis,
190 2508 238 2578 qui
260 2509 420 2564 Metiosedo
441 2510 579 2579 fugerant,
603 2512 743 2566 LutetIam
762 2509 874 2565 incendi

75 2598 231 2660 pontesque
244 2591 302 2660 ejus
317 2593 412 2661 oppidi
426 2593 547 2647 rescIndi
557 2594 657 2662 jubent
671 2615 677 2659 ;
691 2595 744 2664 ipsi
757 2593 874 2663 profecti

75 2689 93 2726 a
105 2673 207 2741 palude
220 2673 257 2726 ad
270 2673 346 2742 ripas
355 2675 518 2743 Sequanaee
528 2676 644 2744 regione
652 2678 779 2730 Lutetia
785 2683 895 2726 cutura

78 2753 196 2808 LabIeni
210 2763 301 2808 castra
315 2756 478 2813 considunt.
