1996 3144
151 268 185 321 34
363 252 393 306 c.
413 251 532 320 Jurrr
548 252 736 305 casaris

185 391 291 445 XLIX.
311 390 406 444 Caesar
414 407 500 460 quum
509 390 604 460 iniquo
612 391 675 445 loco
684 392 802 460 pugnari
812 391 947 446 hostium·

149 489 204 543 que
216 470 311 542 augeri
331 473 428 541 copias
440 473 556 540 videret,
574 483 760 542 praemetuens
780 473 838 527 suis
850 475 948 528 Titum

55 595 60 604 .
152 554 278 610 Sextium
289 554 423 624 legatum,
434 571 519 625 quem
531 555 686 610 minoribus
699 556 800 609 castris
812 555 946 625 praesidio

148 637 309 708 reliquerat,
334 636 419 703 misit,
438 645 469 691 ut
494 637 624 691 cohortes
648 654 682 692 ex
700 637 801 692 castris
820 637 950 692 celeriter

150 718 281 774 educeret
293 727 321 773 et
334 719 386 772 sub
408 719 506 772 infimo
529 720 600 773 colle
620 720 657 773 ab
671 720 768 774 dextro
786 720 872 774 latere
883 720 948 774 hos·

150 802 220 856 tium
232 802 424 868 constitueret,
436 809 475 869 ut,
489 802 512 855 si
526 811 638 857 nostros
657 802 720 856 loco
740 802 874 872 depulsos
887 803 949 856 vid-

150 885 226 954 isset,
237 881 388 956 quominus
398 883 483 938 liberc
492 883 588 938 hostes
598 883 817 954 insequerentur,
826 894 949 939 terreret.

152 967 218 1036 Ipse
238 965 354 1038 paulum
375 983 410 1021 ex
430 982 465 1020 eo
483 967 546 1020 loco
567 983 632 1020 cum
652 967 761 1036 legione
778 984 951 1037 progressus,

151 1050 199 1104 ubi
212 1049 384 1118 constiterat,
396 1058 529 1103 eventum
541 1065 644 1119 pugnae
654 1050 843 1119 exspectabat.

187 1135 218 1186 L.
239 1135 333 1201 Quum
346 1131 480 1188 acerrime
493 1133 650 1187 comminus
662 1143 840 1201 pugnaretur,
851 1134 949 1188 hostes

151 1215 214 1267 loco
236 1223 264 1268 et
283 1230 409 1280 numero,
429 1216 518 1268 nostri
537 1214 647 1280 virtute,
660 1215 841 1282 confiderent,
855 1213 950 1269 subito

150 1304 215 1348 sunt
226 1294 313 1348 AEdui
326 1295 379 1348 visi
392 1295 429 1348 ab
438 1297 525 1349 latere
538 1295 642 1348 nostris
656 1305 761 1364 aperto,
774 1311 845 1365 quos
854 1299 951 1351 Caesar

150 1377 188 1431 ab
196 1376 293 1431 dextra
300 1386 380 1446 parte
390 1377 445 1430 alio
455 1393 574 1430 ascensu
582 1383 682 1429 manus
693 1376 859 1432 distinendae
866 1386 951 1434 causa

151 1459 273 1514 miserat.
319 1457 359 1511 Hi
390 1458 572 1512 similitudine
602 1476 743 1512 armorum
772 1460 952 1516 vehementer

150 1553 262 1598 nostros
274 1549 478 1611 perterruerunt
490 1559 498 1606 ;
520 1557 563 1608 ac,
576 1541 689 1596 tametsi
709 1542 813 1596 dextris
825 1544 949 1599 humeris

150 1626 266 1682 exsertis
279 1624 581 1691 animadvertebantur,
592 1625 668 1694 quod
676 1625 786 1693 insigne
794 1625 950 1697 pac[a]tum

152 1725 215 1764 esse
233 1708 392 1776 consuerat,
405 1717 500 1762 tamen
513 1707 543 1761 id
555 1708 649 1775 ipsum
668 1707 710 1761 sui
730 1709 845 1762 fallendi
864 1717 950 1764 causa

153 1791 258 1846 milites
271 1790 308 1843 ab
321 1791 450 1844 hostibus
469 1789 575 1844 factum
594 1790 801 1845 existimabant.
838 1792 950 1847 Eodem

152 1880 278 1940 tempore
292 1872 395 1926 Lucius
404 1871 509 1925 Fabius
519 1872 651 1940 centurio,
661 1873 764 1942 quique
776 1872 832 1927 unb
840 1892 951 1930 murum

152 1954 347 2023 ascenderant,
374 1954 557 2008 circumventi
588 1963 673 2024 atque
704 1955 842 2011 interfecti
867 1974 948 2012 muro

152 2035 409 2106 praecipitabantur.
448 2037 562 2090 Marcus
582 2037 737 2106 Petronius,
750 2039 875 2107 ejusdem
893 2040 950 2108 leg-

152 2119 225 2173 ionis
238 2119 371 2186 centurio,
385 2135 472 2189 quum
490 2129 585 2188 portas
598 2119 726 2174 excidere
739 2132 856 2176 conatus
869 2133 951 2188 esset,

152 2201 358 2256 amultitudine
372 2217 522 2271 oppressus
541 2218 574 2255 ac
594 2201 648 2254 sibi
670 2201 833 2272 desperans,
855 2203 951 2257 multis

150 2285 210 2353 jam
229 2284 391 2339 vulneribus
416 2284 548 2353 acceptis,
569 2284 793 2352 manipularibus
819 2287 884 2354 suis,
905 2286 952 2354 qui

154 2368 230 2421 illum
245 2368 355 2437 sequuti
374 2374 462 2434 erant,
475 2367 492 2394 “
505 2366 669 2435 Quoniam,''
687 2367 785 2436 inquit,
809 2369 824 2395 “
833 2384 879 2421 me
896 2366 953 2420 una
988 2358 994 2369 ⁸

154 2450 301 2504 vobiscum
314 2464 425 2503 servare
436 2464 492 2501 non
503 2465 627 2517 possum,
640 2460 741 2504 vestrae
754 2450 869 2519 quidem
880 2450 954 2505 certb

152 2531 220 2585 vitae
242 2529 422 2600 prospiciam,
436 2545 506 2597 quos
529 2530 683 2599 cupiditate
701 2531 799 2598 gloriae
815 2532 954 2586 adductus

154 2612 184 2664 in
209 2611 364 2680 periculum
385 2609 497 2664 deduxi.
534 2611 602 2678 Vos,
624 2612 693 2666 data
712 2613 854 2681 facultate,
872 2614 954 2669 vobis

156 2693 314 2748 consulite.’'
351 2692 441 2746 Simul
460 2691 490 2745 in
508 2694 617 2748 medios
638 2695 734 2750 hostes
761 2695 867 2765 irrupit,
885 2697 953 2752 duo-

155 2773 263 2843 busque
284 2772 436 2828 intersectis
455 2772 577 2844 reliquos
597 2791 615 2828 a
635 2781 717 2844 porta
737 2774 852 2846 paulum
877 2794 952 2832 sum·
