1996 3144
185 253 246 306 DE
263 253 399 308 BELLO
419 254 602 320 GALLICO,
619 257 698 311 LIB.
723 259 785 313 VII.
852 276 886 330 29

88 390 188 446 crebrb
207 392 307 459 integri
321 393 437 447 defessis
460 396 642 450 succederent
662 408 829 469 nostrosque
841 418 885 454 as-

90 475 171 529 siduo
189 474 286 528 labore
315 475 509 546 defatigarent,
528 478 631 546 quibus
655 491 769 549 propter
788 499 886 551 magn·

89 556 225 611 itudinem
245 564 400 610 castrorum
421 556 555 627 perpetub
573 570 646 615 esset
659 560 751 616 isdem
771 563 799 616 in
812 565 885 618 vallo

87 639 316 708 permanendum.
338 641 519 694 Multitudine
530 643 784 714 sagittarumatque
792 647 884 701 omnis

87 721 198 789 generis
219 722 337 775 telorum
355 723 459 777 multos
477 724 656 788 vulneratos3
684 726 722 780 ad
740 727 802 782 haec
825 746 886 783 sus·

88 802 207 858 tinenda·
217 820 322 871 magno
336 803 399 858 usui
412 804 499 860 fuisse
512 815 659 861 tormenta.
696 808 817 864 Fabium
830 811 884 865 dis·

90 901 170 939 cessu
183 901 288 953 eorum,
302 885 410 940 duabus
423 887 526 941 relictis
536 889 632 957 portis,
643 889 786 946 obstruere
800 902 884 947 ceter·

88 983 129 1034 as,
139 966 305 1037 pluteosque
317 969 392 1022 vallo
405 969 517 1037 addere,
528 981 555 1025 et
569 986 599 1025 se
612 972 640 1025 in
653 981 797 1040 posterum
807 974 883 1029 diem

87 1049 262 1121 similemque
282 1066 378 1105 casum
397 1070 542 1124 apparare.
581 1055 635 1106 His
656 1054 739 1108 rebus
762 1059 882 1124 cognitis

88 1132 185 1186 Caesar
196 1150 306 1188 summo
322 1126 415 1188 studio
428 1137 550 1190 militnm
571 1146 638 1190 ante
657 1147 748 1192 ortum
768 1139 835 1192 solis
852 1140 882 1194 in

87 1224 180 1269 castra
192 1217 325 1285 pervenit.

120 1298 213 1354 XLII.
233 1300 311 1352 Dum
323 1300 385 1355 haec
398 1300 436 1355 ad
451 1301 621 1370 Gergoviam
634 1311 774 1370 geruntur,
784 1303 882 1373 AEdui,

85 1380 182 1450 primis
205 1381 311 1436 nuntiis
330 1383 367 1437 ab
387 1383 530 1438 Litavicco
550 1385 682 1453 acceptis,
702 1384 809 1438 nullum
829 1386 883 1441 sibi

86 1463 124 1516 ad
148 1465 377 1532 cognoscendum
402 1466 525 1534 spatium
552 1466 721 1536 relinquunt.
759 1467 882 1537 Impellit

85 1545 156 1599 alios
177 1547 303 1614 avaritia,
326 1547 397 1600 alios
422 1546 567 1601 iracundia
588 1558 615 1602 et
641 1548 793 1615 temeritas,
817 1566 881 1619 quae

85 1627 208 1683 maximb
229 1629 269 1682 illi
285 1628 433 1682 hominum
451 1629 546 1697 generi
566 1639 609 1684 est
631 1628 735 1696 innata,
748 1638 779 1683 ut
791 1629 881 1686 levem

84 1709 256 1766 auditionem
267 1713 390 1767 habeant
404 1728 495 1781 prore
507 1718 658 1781 comperta.
684 1713 766 1764 Bona
779 1711 881 1769 civium

84 1792 277 1850 Romanorum
285 1795 426 1866 diripiunt,
442 1795 534 1850 caedes
549 1793 663 1862 iaciunt,
678 1793 708 1847 in
720 1793 880 1850 servitutem

81 1875 259 1933 abstrahunt.
295 1878 420 1947 Adjuvat
433 1895 492 1933 rem
514 1878 699 1947 proclinatam
712 1877 881 1933 Convictoli-

81 1958 154 2013 tavis
174 1961 341 2031 plebemque
359 1963 397 2016 ad
420 1963 542 2016 furorem
556 1960 682 2029 impellit,
703 1969 742 2028 ut,
755 1959 879 2016 facinore

81 2039 225 2111 admisso,
239 2044 276 2097 ad
298 2045 447 2099 sanitatem
474 2043 572 2099 reverti
597 2043 711 2112 pudeat.
749 2044 878 2096 Marcum

80 2122 878 2196 Aristium,tribunummilitum,iteradlegionemfacient·

79 2217 133 2270 em,
146 2206 202 2261 fide
215 2207 290 2274 data,
304 2225 338 2262 ex
356 2209 461 2278 oppido
477 2208 626 2263 Cabillono
641 2205 782 2270 educunt;
802 2204 877 2258 idem

81 2286 173 2343 facere
185 2300 289 2358 cogunt
301 2308 360 2359 eos,
372 2291 419 2361 qui
438 2291 600 2360 negotiandi
616 2294 702 2341 causa
723 2287 762 2340 ibi
775 2286 876 2340 consti-

78 2377 177 2426 terant.
216 2374 279 2427 Hos
302 2371 435 2428 continui)
463 2375 492 2427 in
511 2374 610 2427 itinere
634 2368 725 2423 adorti
745 2368 875 2421 omnibus

77 2452 288 2523 impedimentis
306 2466 426 2522 exuunt;
447 2465 636 2525 repugnantes
655 2453 732 2508 diem
745 2460 874 2504 noctem·

76 2551 131 2603 que
144 2536 274 2592 obsident
286 2556 294 2602 ;
313 2538 409 2592 multis
420 2539 560 2608 utrimque
570 2536 723 2593 intersectis
737 2533 873 2603 majorem

74 2618 283 2673 multitudinem
296 2629 469 2674 armatorum
482 2623 633 2676 concitant.

109 2699 221 2754 XLIII.
259 2701 376 2756 Interim
400 2703 500 2756 nuntio
530 2703 625 2763 allato,
649 2715 747 2755 omnes
774 2713 882 2748 eorum

72 2781 178 2838 milites
191 2781 220 2836 in
238 2791 378 2851 potestate
392 2784 518 2840 Caesaris
538 2767 952 2983 teneruconeurtumffb,
