1996 3144
175 183 236 236 DE
252 183 388 237 BELLO
410 185 595 254 GALLICO,
613 188 691 242 ΜΒ.
716 190 778 243 VII.
857 204 873 257 7

76 331 178 390 posset.
217 323 281 376 Hac
301 339 331 375 re
351 323 462 391 cogniti·
486 326 698 395 Vercingetorix
723 327 818 383 rursirs
845 330 873 383 in

76 403 215 470 Bituriges
240 405 392 479 exercitum
410 407 518 462 reducit
540 418 624 478 atque
647 409 713 464 inde
731 412 873 479 profectus

76 486 276 554 Gorgobinam,
291 486 425 542 Boiorum
438 489 582 558 oppidum,
593 506 664 560 quos
674 491 713 544 ibi
725 492 873 547 Helvetico

75 569 174 637 proelio
199 569 289 622 victos
319 571 416 625 Caesar
440 572 626 626 collocaverat
652 573 810 643 AEduisque
832 585 873 629 at·

77 649 218 718 tribuerat,
232 668 395 721 oppugnare
409 653 537 708 instituit.

111 732 148 786 X.
181 733 317 802 Magnam
336 735 398 788 haec
419 751 463 789 res
493 736 599 790 Caesari
620 736 812 791 difficultatem
835 738 872 791 ad

75 815 222 868 consilium
235 815 402 884 capiendum
415 818 560 883 afferebat3
581 819 604 872 si
615 820 751 888 reliquam
763 829 873 888 partem

75 898 175 950 hiemis
189 915 244 951 uno
259 899 288 952 in
301 900 363 952 loco
376 899 500 967 legiones
515 900 678 970 contineret,
692 918 728 955 ne
747 901 873 971 stipend-

77 979 152 1032 iariis
164 981 321 1034 AEduorum
333 983 507 1049 expugnatis,
521 992 622 1037 cuncta
632 983 725 1037 Gallia
734 984 873 1047 deficeret,

76 1059 152 1130 quod
176 1063 285 1115 nullum
312 1062 412 1117 amicis
439 1062 468 1115 in
496 1080 529 1117 eo
554 1065 717 1132 praesidium
734 1065 874 1119 videretur

78 1143 201 1210 positum
214 1159 275 1196 esse
289 1163 296 1208 3
316 1143 340 1195 si
353 1141 490 1197 maturius
504 1160 537 1197 ex
550 1145 674 1199 hibernis
687 1145 824 1213 educeret,
838 1163 874 1200 ne

76 1223 112 1275 ab
137 1239 166 1275 re
184 1223 365 1278 frumentaria
383 1224 459 1278 duris
479 1225 705 1280 subvectionibus
725 1227 874 1281 laboraret.

78 1305 213 1358 Praestare
243 1305 335 1358 visum
366 1315 409 1358 est
441 1316 536 1360 tamen
567 1324 665 1360 omnes
694 1307 872 1361 difficultates

75 1385 189 1456 perpeti,
211 1386 295 1457 quiam
318 1395 398 1442 tanta
420 1389 590 1443 contumelia
611 1397 729 1458 accepta
749 1391 873 1443 omnium

75 1486 188 1523 suorum
217 1469 375 1523 voluntates
409 1469 538 1524 alienare.
584 1473 682 1540 ltaque
713 1473 873 1525 cohortatus

76 1552 186 1605 AEduos
210 1553 245 1605 de
266 1552 459 1620 supportando
488 1563 647 1606 commeatu
674 1554 816 1621 praemittit
835 1554 873 1606 ad

76 1632 169 1700 Βοῖος,
180 1632 228 1702 qui
240 1633 275 1686 de
289 1649 339 1686 suo
353 1632 476 1686 adventu
490 1632 610 1687 doceant
622 1634 830 1702 hortenturque,
842 1643 873 1688 ut

74 1714 180 1769 infide
203 1725 337 1770 maneant
358 1722 442 1785 atque
462 1714 585 1769 hostium
610 1715 744 1785 impeturn
769 1733 873 1783 magno

75 1799 170 1853 animo
202 1801 366 1855 sustineant.
405 1797 523 1851 Duabus
553 1799 690 1866 Agendici
717 1797 874 1866 legionibus

74 1889 158 1951 atque
171 1882 379 1953 impedimentis
389 1881 475 1936 totius
484 1880 618 1936 exercitus
627 1879 730 1935 relictis
738 1880 775 1935 ad
787 1878 873 1934 Boios

73 1963 264 2031 proficiscitur.

109 2047 163 2100 ΧΙ.
182 2047 278 2102 Altero
310 2047 356 2101 die
387 2064 474 2117 quum
504 2046 542 2100 ad
570 2045 703 2113 oppidum
728 2043 872 2101 Senonum

76 2128 321 2184 Vellaunodunum
342 2130 474 2198 venisset,
488 2145 524 2184 ne
537 2144 620 2198 quem
643 2136 707 2196 post
720 2143 751 2182 se
763 2129 873 2182 hostem

74 2210 250 2280 relinqueret,
263 2208 319 2281 qud
331 2211 503 2281 expeditiore
516 2227 546 2265 re
553 2210 736 2265 frumentaria
744 2219 873 2275 uteretur,

74 2309 236 2363 oppugnare
257 2293 385 2360 instituit,
407 2292 491 2363 idque
517 2293 606 2347 biduo
633 2290 872 2357 circumvallavit;

73 2376 155 2430 tertio
177 2375 223 2430 die
245 2375 339 2429 missis
361 2391 395 2429 ex
415 2375 520 2445 oppido
541 2375 643 2443 legatis
664 2376 699 2428 de
723 2372 873 2439 deditione,

74 2474 152 2511 arma
167 2457 292 2526 conferri,
302 2457 432 2526 jumenta
450 2456 576 2526 produci,
591 2468 737 2513 sexcentos
758 2454 871 2508 obsides

74 2538 134 2593 dari
143 2541 231 2609 jubet.
270 2541 314 2592 Ea
326 2539 373 2608 qui
387 2539 547 2609 conficeret,
562 2543 593 2595 C.
613 2540 786 2595 Trebonium
798 2539 872 2606 lega·
915 2604 919 2612 ι

74 2630 134 2677 tum
152 2623 290 2692 relinquit,
310 2623 370 2690 ipse
390 2621 526 2692 utquam
546 2623 667 2693 primum
687 2622 738 2676 iter
758 2622 871 2676 faceret.

76 2705 223 2758 Cenabum
233 2704 578 2774 Camutumproficiscitur
587 2725 594 2771 ;
614 2705 669 2773 qui,
683 2712 742 2758 tum
749 2705 871 2774 primum
