1996 3144
184 227 246 283 DE
262 228 398 283 BELLO
421 226 603 293 GALLICO,
621 228 701 282 LIB.
726 229 789 282 VH.
847 230 878 284 61

86 376 189 435 untur3
202 369 285 438 pauci
298 385 332 422 ex
344 377 422 423 tanto
430 385 546 423 numero
554 386 584 424 se
592 369 746 424 incolumes
756 369 785 423 in
794 381 886 426 castra

86 453 234 523 recipiunt.
282 453 444 520 Conspicati
456 469 491 508 ex
504 452 609 523 oppido
628 452 736 508 caedem
749 462 776 507 et
788 453 885 520 fugam
963 491 966 495 ·

86 553 210 604 suorum,
232 535 381 605 desperata
402 536 500 604 salute,
522 536 618 606 copias
646 552 664 588 a
684 535 886 591 munitionibus

86 619 233 673 reducunt.
271 617 316 672 Fit
336 617 471 687 protinus,
493 617 548 670 hac
569 635 598 671 re
611 616 716 684 audita,
729 632 763 669 ex
784 619 884 673 castris

88 701 235 756 Gallorum
256 698 329 766 fuga.
368 697 452 767 Quod
479 698 533 751 nisi
558 699 664 754 crebris
692 698 825 754 subsidiis
849 718 884 756 ac

86 784 174 838 totius
199 783 254 837 diei
280 782 375 835 labore
399 780 501 835 milites
525 791 619 836 essent
644 781 756 851 defessi,
786 800 885 837 omnes

84 866 210 919 hostium
223 863 313 935 copiae
331 864 416 941 deleri
438 864 602 933 potuissent.
641 865 686 918 De
698 864 792 918 media
805 876 887 920 nocte

85 948 190 1002 missus
202 947 344 1018 equitatus
357 947 542 1000 novissimum
561 963 662 1013 agmen
684 949 865 1018 consequitur
876 970 883 1016 ;

84 1047 205 1100 magnus
218 1045 349 1083 numerus
371 1028 481 1097 capitur
500 1037 585 1097 atque
604 1028 773 1092 interficitur,
786 1031 884 1100 reliqui

83 1131 119 1168 ex
131 1114 199 1181 fuga
210 1113 239 1166 in
251 1112 379 1167 civitates
392 1110 549 1164 discedunt.

120 1195 283 1250 LXXXIX.
303 1195 419 1248 Postero
445 1193 490 1247 die
514 1193 733 1263 Vercingetorix,
765 1195 883 1250 concilio

82 1287 248 1341 convocato,
271 1276 301 1331 id
323 1275 430 1330 bellum
455 1291 485 1330 se
505 1277 664 1345 suscepisse
683 1293 741 1331 non
769 1295 882 1332 suarum

81 1361 291 1428 necessitatum,
310 1360 361 1413 sed
381 1357 538 1412 communis
559 1359 704 1422 libertatis,
727 1369 814 1414 causa
833 1362 881 1415 de-

80 1451 238 1510 monstrat3
257 1450 285 1497 et
301 1441 435 1512 quoniam
457 1441 493 1494 sit
517 1442 637 1495 fortunae
655 1442 823 1510 cedendum,
843 1446 881 1498 ad

81 1537 230 1595 utramque
258 1540 319 1578 rem
349 1539 381 1577 se
410 1522 465 1576 illis
493 1523 675 1577 offerre-seu
706 1533 796 1577 morte
828 1533 880 1580 sua

81 1607 220 1663 Romanis
244 1605 414 1673 satisfacere,
447 1621 496 1658 seu
517 1605 612 1658 vivum
637 1605 754 1671 tradere,
783 1606 879 1662 velint.

82 1693 234 1746 Mittuntur
246 1689 281 1743 de
292 1688 337 1742 his
350 1688 433 1741 rebus
445 1687 483 1740 ad
504 1686 646 1740 Caesarem
664 1687 757 1756 legati.
794 1689 879 1756 Jubet

78 1791 162 1830 arma
173 1772 255 1839 tradi,
267 1770 406 1842 principes
419 1770 545 1840 produci.
584 1772 649 1839 Ipse
669 1771 698 1823 in
720 1771 876 1828 munitione

78 1875 132 1929 pro
145 1855 243 1910 castris
256 1852 402 1918 consedit;
422 1850 455 1907 ed
470 1853 555 1907 duces
574 1854 772 1921 producuntur.
809 1857 878 1910 Ver-

78 1937 233 2008 cingetorix
252 1934 371 1998 deditur,
390 1951 468 1988 arma
489 1935 679 2004 projiciuntur.
717 1939 876 1994 Reservatis

79 2024 181 2080 AEduis
209 2032 293 2093 atque
316 2022 459 2088 Arvernis,
483 2020 506 2074 si
534 2039 584 2090 per
608 2038 656 2075 eos
679 2023 806 2077 civitates
834 2042 876 2078 re·

79 2122 214 2177 cuperare
235 2111 339 2174 posset,
357 2120 390 2157 ex
407 2103 521 2171 reliquis
541 2104 660 2172 captivis
673 2113 732 2157 toto
745 2105 875 2159 exercitui

76 2190 173 2259 capita
185 2187 294 2256 singula
306 2186 411 2256 praedae
424 2186 537 2239 nomine
550 2182 696 2240 distribuit.

113 2272 175 2326 XC.
194 2270 248 2323 His
261 2270 343 2322 rebus
357 2267 500 2335 confectis,
513 2268 542 2321 in
554 2266 664 2320 AEduos
677 2267 875 2335 proficiscitur;

77 2354 221 2410 civitatem
234 2351 338 2420 recipit.
376 2348 420 2403 Εὸ
430 2351 515 2418 legati
523 2350 560 2403 ab
570 2349 702 2402 Arvernis
715 2349 801 2418 missi,
812 2366 875 2418 quae

76 2439 236 2507 imperaret,
255 2449 286 2487 se
307 2434 430 2486 facturos
443 2433 618 2500 pollicentur.
658 2433 781 2500 Imperat
794 2449 873 2502 mag-

75 2535 146 2575 num
176 2531 323 2570 numerum
353 2514 493 2568 obsidum.
531 2515 667 2581 Legiones
698 2514 726 2567 in
757 2514 874 2568 hiberna

75 2599 170 2658 mittit.
208 2597 389 2666 Captivorum
416 2595 525 2650 circiter
546 2596 644 2664 viginti
666 2596 754 2648 millia
772 2597 873 2650 AEduis

74 2679 266 2749 Arvernisque
290 2678 389 2733 reddit.
433 2679 467 2731 T.
493 2677 649 2731 Labienum
674 2678 783 2732 duabus
808 2693 871 2733 cum

73 2765 233 2836 legionibus
244 2771 271 2817 et
284 2761 408 2832 equitatu
428 2760 455 2813 in
471 2760 617 2831 Sequanos
628 2760 890 2830 pronciscxtnuee,
