1996 3144
160 255 220 306 DE
237 254 372 307 BELLO
393 253 576 322 GALLICO,
596 255 674 308 LIB.
699 256 760 310 VII.
828 269 861 323 37

64 410 135 462 quos
153 402 181 446 et
206 410 291 462 quam
309 393 428 447 humiles
455 394 619 462 accepisset,
645 394 805 464 compulsos
830 395 860 449 in

64 475 175 543 oppida,
200 476 334 530 multatos
359 477 444 544 agris,
470 477 601 530 omnibus
632 479 736 546 ereptis
761 478 858 547 copiiS,

63 557 195 624 imposito
222 558 371 626 stipendio,
400 558 546 611 obsidibus
574 567 685 612 summa
705 576 769 613 cum
793 576 860 614 con-

63 640 178 692 tumelia
191 641 313 707 extortis,
331 650 359 694 et
381 657 466 711 quam
478 641 507 694 in
526 640 666 695 fortunam
679 658 819 711 quamque
832 642 861 696 in

64 722 278 789 amplitudinem
303 722 472 791 deduxisset,
496 733 605 777 utnon
628 721 720 776 solim
740 724 770 777 in
789 725 860 792 pris-

64 804 154 856 tinum
173 813 277 857 statum
301 805 448 873 redissent,
474 807 525 860 sed
548 806 675 859 omnium
699 816 860 876 temporum

63 885 227 952 dignitatem
236 896 264 940 et
272 888 392 955 gratiam
405 888 591 943 antecessisse
603 889 770 942 viderentur.
804 890 861 943 His

63 967 136 1021 datis
149 968 299 1035 mandatis,
313 985 361 1022 eos
375 970 411 1024 ab
425 987 454 1024 se
468 970 583 1024 dimisit.

100 1050 158 1104 LV.
180 1051 380 1105 Noviodunum
400 1062 460 1106 erat
479 1052 615 1122 oppidum
637 1052 794 1106 AEduorum
819 1055 856 1107 ad

61 1131 137 1200 ripas
152 1131 257 1202 Ligeris
270 1142 426 1201 opportuno
438 1135 501 1189 loco
514 1134 645 1203 positum.
684 1134 749 1189 Huc
764 1135 861 1190 Caesar

61 1229 159 1266 omnes
173 1212 286 1267 obsides
301 1214 409 1283 Galliae,
421 1215 601 1283 frumentum,
614 1216 764 1284 pecuniam
776 1217 858 1286 publ·

61 1297 142 1365 icam,
167 1312 280 1350 suorum
310 1305 395 1366 atque
425 1298 561 1352 exereitus
592 1298 858 1367 impedimentorum

61 1396 193 1448 magnam
212 1390 321 1447 partem
341 1380 497 1434 contulerat
508 1399 515 1445 ;
538 1382 593 1435 huc
617 1397 753 1448 magnum
776 1397 857 1435 num·

60 1478 139 1516 erum
157 1477 292 1531 equorum
312 1460 394 1529 hujus
419 1463 484 1515 belli
504 1470 590 1516 causa
614 1463 644 1515 in
664 1461 746 1515 Italia
771 1471 855 1533 atque

63 1543 202 1612 Hispania
212 1547 372 1613 coemptum
382 1543 505 1598 miserat.
532 1543 574 1596 Εὸ
584 1560 671 1612 quum
682 1545 857 1612 Eporedorix

60 1626 307 1696 Viridomarusque
328 1625 469 1679 venissent
483 1634 510 1679 et
524 1627 558 1678 de
578 1633 652 1679 statu
672 1624 792 1679 civitatis
814 1643 858 1680 co-

58 1709 231 1777 gnovissent,
246 1706 419 1762 Litaviccum
439 1707 570 1761 Bibracte
587 1708 623 1761 ab
641 1708 743 1761 AEduis
763 1724 858 1776 recep·

59 1801 128 1860 tum,
139 1793 214 1862 quod
234 1801 277 1846 est
291 1790 425 1861 oppidum
438 1791 514 1860 apud
534 1806 582 1843 eos
601 1791 732 1845 maximae
750 1801 858 1845 auctor·

59 1874 144 1942 itatis,
171 1873 414 1928 Convictolitavim
444 1871 639 1942 magistratum
669 1888 858 1944 magnamque

59 1966 168 2026 partem
181 1962 293 2011 senatus
307 1956 343 2010 ad
355 1972 420 2010 eum
433 1956 606 2024 convenisse,
619 1955 727 2023 legatos
739 1958 776 2011 ad
788 1957 858 2010 Ver·

59 2039 259 2108 cingetorigem
267 2039 302 2093 de
313 2056 383 2109 pace
393 2048 418 2092 et
429 2038 554 2093 amicitia
567 2037 860 2108 conciliandapublice

60 2123 170 2190 missos,
183 2139 240 2176 non
258 2121 530 2192 praetermittendum
547 2129 657 2175 tantum
678 2121 859 2174 commodum

60 2205 296 2259 existimaverunt.
336 2207 435 2274 ltaque
445 2203 598 2259 intersectis
612 2203 775 2256 Novioduni
786 2211 859 2256 cust·

63 2287 175 2355 odibus,
197 2288 300 2357 quique
320 2283 352 2341 ed
374 2287 539 2354 negotiandi
558 2292 645 2338 causa
664 2293 859 2354 convenerant,

62 2370 210 2439 pecuniam
222 2379 306 2439 atque
319 2386 405 2439 equos
418 2370 490 2423 inter
498 2385 528 2422 se
541 2367 634 2436 partiti
648 2375 712 2420 sunt
725 2385 732 2430 ;
746 2365 860 2418 obsides

63 2452 207 2506 civitatum
236 2452 366 2506 Bibracte
398 2452 434 2505 ad
459 2450 654 2518 magistratum
678 2447 859 2502 deducendos

64 2544 246 2600 curaverunt5
266 2534 410 2602 oppidum,
424 2532 499 2602 quod
518 2551 536 2585 a
556 2549 585 2585 se
599 2531 685 2586 teneri
706 2548 764 2585 non
776 2546 861 2600 posse

60 2616 235 2686 judicabant,
245 2634 280 2670 ne
290 2617 333 2669 cui
347 2625 420 2668 esset
430 2616 491 2668 usui
506 2615 650 2681 Romanis,
661 2613 860 2676 incenderunt3

69 2699 201 2753 frumenti
215 2698 291 2768 quod
300 2696 392 2750 subito
403 2706 560 2764 potuerunt,
572 2697 696 2750 navibus
704 2699 896 2770 anemium&

64 2780 200 2850 reliquum
214 2781 328 2834 flumine
341 2789 426 2852 atque
435 2779 573 2836 incendio
585 2784 797 2847 corruperunt.
831 2770 911 2829 NS*
