1996 3144
89 256 125 308 44
303 240 333 294 c.
354 239 474 308 JULIJ
490 240 678 293 cAEnrrus

86 389 195 450 gentos.
235 378 288 432 His
300 378 418 447 praeficit
431 372 545 433 fratrem
558 377 758 448 Eporedorigis
771 379 888 432 bellum-

87 478 141 532 que
166 461 260 515 inferri
285 460 483 529 Allobrogibus
505 461 592 530 jubet.
629 461 727 514 Altera
751 478 785 514 ex
808 469 888 529 parte

88 544 211 600 Gabalos
220 544 418 613 proximosque
426 559 514 611 pagos
522 544 712 597 Arvernorum
722 544 751 595 in
762 541 889 610 Helvios,

86 628 154 681 item
178 628 304 680 Rutenos
338 626 535 694 Cadurcosque
567 624 604 678 ad
635 625 704 678 fines
735 625 888 677 Volcarum

83 708 325 776 Arecomicorum,
334 707 546 777 depopulandos
557 707 651 761 mittit.
684 703 886 760 Nihilominus

88 790 270 845 clandestinis
306 790 411 843 nuntiis
448 790 690 858 legationibusque
720 789 888 856 Allobrogas

88 872 227 939 sollicitat,
253 888 371 940 quorum
395 882 503 926 mentes
529 871 654 924 nondum
684 871 721 923 ab
747 870 888 940 superiore

88 957 161 1010 bello
174 955 311 1009 resedisse
322 954 461 1023 sperabat.
500 955 609 1006 Horum
622 952 795 1022 principibus
804 969 887 1022 pecu·

88 1038 160 1106 nias,
192 1037 298 1091 civitati
324 1045 419 1091 autern
444 1035 591 1104 imperium
616 1035 702 1091 totius
726 1034 887 1103 provinciae,

88 1122 242 1189 pollicetur.

125 1201 210 1255 LXV.
230 1200 277 1253 Ad
289 1200 340 1252 hos
351 1217 450 1254 omnes
460 1206 541 1254 casus
550 1200 661 1268 provisa
669 1209 747 1253 erant
757 1199 888 1268 praesidia

88 1283 246 1338 cohortium
259 1283 377 1336 duarum
390 1291 417 1336 et
429 1283 538 1350 viginti,
550 1298 613 1350 quae
626 1297 659 1334 ex
672 1282 733 1349 ipsa
745 1281 888 1349 provincia

89 1365 125 1419 ab
139 1364 225 1419 Lucio
246 1365 357 1417 Caesare
377 1365 470 1431 legato
494 1363 532 1416 ad
551 1379 649 1416 omnes
669 1371 761 1431 partes
781 1379 888 1435 oppon·

88 1450 214 1502 ebantur.
253 1447 347 1501 Helvii
369 1454 421 1500 sua
440 1455 540 1516 sponte
562 1461 625 1499 cum
645 1444 770 1499 finitimis
789 1446 888 1515 proelio

90 1529 232 1598 congressi
255 1531 396 1599 pelluntur
416 1538 452 1598 et,
467 1530 540 1584 Gaio
561 1529 673 1584 Valerio
694 1531 888 1598 Donnotauro‚

92 1612 195 1666 Caburi
208 1612 274 1680 filio,
288 1611 415 1682 principe
433 1612 554 1668 civitatis
569 1611 814 1683 compluribusque
827 1613 888 1667 aliis

89 1695 251 1764 interfectis
269 1696 341 1749 intra
368 1695 472 1764 oppida
500 1713 534 1749 ac
560 1713 655 1749 muros
676 1696 888 1764 compelluntur.

88 1775 889 1846 Allobroges,crebrisadRhodanumdispositispraesidiis

89 1865 194 1924 magna
215 1874 279 1910 cum
302 1865 369 1910 cura
387 1867 415 1910 et
436 1858 582 1925 diligentia
603 1875 668 1913 suos
687 1859 756 1912 fines
770 1867 887 1913 tuentur.

91 1939 195 2006 Caesar,
209 1938 284 2009 quod
294 1940 389 1993 hostes
400 1939 525 2009 equitatu
536 1941 692 2009 superiores
702 1957 763 1994 esse
772 1940 888 2009 intellig-

90 2022 156 2075 ebat
168 2031 204 2083 et,
218 2020 376 2075 interclusis
390 2021 520 2075 omnibus
542 2023 697 2089 itineribus,
709 2023 787 2076 nulla
806 2039 836 2076 re
855 2039 888 2074 ex

89 2103 234 2173 provincia
264 2113 350 2175 atque
382 2104 465 2158 Italia
495 2106 633 2159 sublevari
664 2115 782 2174 poterat,
812 2114 889 2159 trans

91 2187 221 2241 Rhenum
235 2188 264 2241 in
279 2186 459 2242 Germaniam
472 2187 558 2241 mittit
571 2188 609 2240 ad
618 2204 667 2242 eas
676 2187 809 2249 civitates,
820 2204 890 2257 quas

91 2270 278 2338 superioribus
299 2269 381 2324 annis
410 2280 571 2340 pacaverat,
598 2272 761 2340 equitesque
786 2272 822 2325 ab
845 2272 889 2323 his

91 2353 206 2406 arcessit
229 2362 257 2406 et
281 2354 350 2406 levis
373 2364 523 2407 armaturae
543 2352 661 2421 pedites,
682 2354 729 2421 qui
750 2352 821 2407 inter
841 2368 889 2405 eos

90 2434 214 2501 proeliari
228 2434 403 2488 consuerant.
442 2437 548 2488 Eorum
561 2434 692 2502 adventu,
710 2434 785 2503 quod
797 2434 889 2487 minus

90 2516 200 2570 idoneis
213 2515 291 2585 equis
304 2517 462 2579 utebantur,
472 2534 490 2570 a
503 2517 621 2570 tribunis
632 2517 753 2570 rnilitum
765 2517 890 2585 reliquis·

85 2615 155 2667 que,
162 2598 224 2668 [sed
232 2599 272 2666 et]
284 2598 423 2667 equitibus
434 2598 571 2651 Romanis
579 2608 663 2666 atque
673 2599 796 2652 evocatis
804 2614 891 2666 equos

92 2680 176 2735 sumit
191 2681 393 2749 Germanisque
407 2681 556 2735 distribuit.

128 2763 232 2835 LXVI.
254 2766 372 2827 Interea,
404 2765 472 2818 dum
502 2764 564 2818 haec
594 2773 736 2833 geruntur,
768 2763 890 2817 hostium
