1996 3144
171 202 233 262 ua
249 206 386 264 narro
407 202 591 268 cxrrrco,
610 202 688 261 rra,
713 207 776 261 νη.
844 217 876 277 55

74 343 120 399 iiis
140 348 277 402 utendum
298 347 423 410 consilio,
445 347 469 400 si
491 361 535 400 res
555 355 638 414 cogat
664 355 749 417 atque
775 345 877 399 auxilia

75 438 227 493 morentur,
235 428 320 499 quam
332 438 380 484 aut
391 428 542 483 deditionis
555 437 604 481 aut
611 429 690 497 pacis
703 430 879 484 subeundam

75 510 276 566 conditionem.
315 511 473 577 Mandubii,
504 511 552 579 qui
584 528 633 566 eos
655 513 760 582 oppido
784 528 878 581 recep-

75 602 164 656 erant,
186 609 251 647 cum
269 594 365 648 liberis
383 602 469 663 atque
491 593 624 648 uxoribus
638 595 714 648 exire
732 604 878 664 coguntur.

77 675 117 728 Hi
130 692 219 745 quum
230 677 269 730 ad
289 676 461 730 munitiones
475 677 669 730 Romanorum
682 678 878 744 accessissent,

74 758 174 812 flentes
194 759 324 812 omnibus
349 759 480 828 precibus
501 759 630 826 orabant,
649 769 680 812 ut
702 776 733 813 se
753 760 782 812 in
803 776 878 814 serv·

76 841 176 896 itutem
186 852 313 910 receptos
327 842 390 896 cibo
401 841 538 910 juvarent.
577 842 615 896 At
625 842 721 896 Caesar
733 843 877 912 dispositis

76 924 106 977 in
116 925 189 977 vallo
203 924 367 978 custodibus
380 922 467 993 recipi
481 923 656 992 prohibebat.

112 1007 246 1061 LXXIX.
267 1008 380 1061 Interea
416 1006 562 1059 Commius
597 1007 751 1076 reliquique
783 1006 877 1075 duceS,

74 1088 178 1160 quibus
189 1105 300 1143 summa
313 1087 424 1157 imperii
435 1087 575 1158 permissa
588 1098 655 1155 erat,
669 1105 733 1142 cum
747 1090 878 1144 omnibus

75 1172 166 1241 copiis
190 1171 227 1227 ad
246 1173 373 1226 Alesiam
397 1171 564 1240 perveniunt
590 1182 626 1240 et,
649 1172 720 1225 colle
745 1173 878 1227 exteriore

75 1264 224 1323 occupato,
243 1272 301 1308 non
323 1251 437 1323 longibs
462 1252 540 1307 mille
565 1253 695 1322 passibus
716 1255 752 1308 ab
775 1256 877 1309 nostris

74 1336 278 1392 munitionibus
297 1337 456 1391 considunt.
497 1338 612 1390 Postero
633 1336 679 1390 die
701 1337 825 1406 equitatu
845 1355 878 1390 ex

75 1419 176 1474 castris
184 1420 294 1488 educto,
304 1436 417 1473 omnem
426 1435 489 1472 eam
500 1418 655 1488 planitiem,
665 1436 750 1488 quam
759 1419 787 1473 in
797 1421 876 1488 long·

75 1502 213 1557 itudinem
231 1501 286 1556 tria
304 1500 392 1555 millia
411 1517 546 1569 passuum
567 1510 663 1569 patere
685 1501 878 1554 demonstrav-

76 1587 159 1657 imus,
185 1588 334 1658 complent,
361 1588 563 1656 pedestresque
585 1586 681 1654 copias
704 1585 819 1655 paulum
841 1588 878 1640 ab

76 1691 111 1730 eo
130 1675 194 1729 loco
212 1675 324 1729 abditas
344 1675 373 1728 in
395 1674 465 1727 locis
484 1671 674 1742 superioribus
696 1673 876 1730 constituunt.

76 1759 149 1812 Erat
160 1774 194 1812 ex
207 1757 312 1828 oppido
320 1756 417 1811 Alesia
427 1757 576 1826 despectus
588 1756 616 1809 in
627 1773 767 1826 campum.
806 1757 879 1809 Con-

76 1855 191 1900 currunt
210 1845 255 1899 his
274 1844 383 1898 auxiliis
402 1843 488 1909 visis;
514 1845 545 1898 fit
564 1844 712 1912 gratulatio
731 1843 879 1911 intereos,

75 1938 163 1998 atque
175 1928 301 1982 omnium
314 1927 401 1982 animi
416 1927 453 1980 ad
472 1927 602 1982 laetitiam
621 1927 784 1982 excitantur.
823 1927 879 1981 Ita·

77 2027 141 2082 que,
159 2012 303 2081 productis
325 2012 423 2082 copiis,
443 2020 508 2066 ante
527 2011 662 2080 oppidum
683 2010 833 2064 considunt
851 2019 879 2063 et

62 2095 234 2165 'proximam
246 2095 353 2149 fossam
375 2094 498 2149 cratibus
521 2094 657 2162 integunt,
676 2102 760 2164 atque
778 2109 879 2162 aggere

77 2177 199 2247 explent,
218 2193 303 2247 seque
322 2177 359 2230 ad
379 2177 555 2246 eruptionem
577 2185 661 2246 atque
681 2191 778 2230 omnes
797 2180 879 2229 castis

47 2277 49 2282 ’
79 2269 256 2330 comparant.

117 2342 233 2395 LXXX.
254 2342 351 2396 Caesar
368 2342 445 2396 omni
459 2341 581 2397 exercitu
595 2340 632 2395 ad
651 2349 798 2408 utramque
817 2356 879 2408 par-

79 2433 138 2479 tem
150 2423 338 2479 munitionum
351 2424 497 2493 disposito,
515 2434 553 2494 ut,
567 2425 591 2477 si
604 2441 670 2477 usus
684 2422 786 2484 veniat,
799 2439 878 2475 suum

78 2505 199 2577 quisque
225 2507 320 2561 locum
345 2514 440 2561 teneat
470 2517 498 2561 et
524 2508 641 2574 noverit,
670 2504 826 2574 equitatum
848 2520 881 2557 ex

79 2591 181 2645 castris
198 2589 280 2644 educi
294 2598 321 2642 et
334 2590 461 2658 proelium
485 2589 622 2644 committi
632 2589 719 2657 jubet.
758 2587 827 2639 Erat
847 2603 880 2639 ex

78 2673 211 2727 omnibus
235 2672 344 2738 castriS,
370 2688 434 2740 quae
458 2690 599 2727 summum
629 2670 754 2739 undique
782 2668 879 2737 jugum

78 2755 222 2817 tenebant,
248 2755 406 2823 despectus,
431 2763 516 2823 atque
534 2771 632 2809 omnes
654 2754 755 2807 milites
782 2751 886 2804 intenti
