1996 3144
89 252 123 301 42
302 234 332 288 c
352 233 469 303 Juarr
486 196 675 287 cAEsAnrs

88 377 137 430 dat
164 377 275 444 signum
301 374 401 444 proelii.
446 373 539 428 Primo
565 391 703 429 concursu
725 375 762 428 ab
788 374 885 429 dextro

89 473 183 521 cornu,
191 460 239 512 ubi
248 458 367 527 septima
378 456 452 526 legio
461 457 634 526 constiterat,
641 458 738 511 hostes
746 457 889 526 pelluntur

88 548 172 609 atque
192 539 221 594 in
246 539 342 608 fugam
364 539 568 609 conjiciuntur余
595 539 634 592 ab
659 539 782 608 sinistro,
802 556 887 610 quern

88 623 181 676 locum
193 624 360 678 duodecima
371 623 444 690 legio
454 622 577 690 tenebat,
585 638 673 692 quum
682 621 765 691 primi
775 622 887 677 ordines

89 705 212 760 hostiurn
225 707 350 760 transfixi
363 705 425 760 telis
434 703 633 771 concidissent,
646 712 743 758 tamen
755 704 889 758 acerrime

89 785 185 857 reliqui
210 789 385 853 resistebant,
410 803 463 841 nec
488 786 575 841 dabat
601 785 792 855 suspicionem
814 784 888 854 fugae

90 870 246 940 quisquam.
286 872 349 938 Ipse
371 869 428 922 dux
450 868 575 923 hostium
601 868 808 938 Camulogenus
830 869 888 922 suis

90 953 187 1007 aderat
199 962 283 1024 atque
291 968 338 1005 eos
347 951 554 1004 cohortabatur.
593 951 703 1005 Incerto
716 968 790 1006 nunc
804 951 890 1005 etiarn

90 1036 164 1091 exitu
176 1035 308 1103 victoriae,
321 1050 408 1105 quum
421 1033 549 1103 septimae
556 1032 674 1101 legionis
683 1034 803 1090 tribunis
814 1042 889 1088 esset

91 1118 257 1186 nuntiatum,
276 1134 340 1188 quae
361 1117 390 1170 in
409 1117 523 1170 sinistro
542 1133 630 1170 cornu
642 1126 813 1186 gererentur,
825 1127 889 1185 post

91 1209 200 1268 tergum
222 1200 346 1253 hostium
370 1197 509 1266 legionem
539 1198 722 1253 ostenderunt
753 1198 890 1268 signaque

92 1280 249 1335 intulerunt.
288 1282 333 1333 Nc
345 1296 379 1332 eo
392 1278 507 1348 quidem
519 1286 645 1348 ternpore
663 1280 814 1350 quisquam
826 1281 890 1335 loco

94 1364 184 1431 cessit,
205 1364 255 1417 sed
277 1360 459 1416 circumventi
481 1376 579 1414 omnes
602 1360 797 1431 interfectique
817 1370 888 1416 sunt.

93 1446 222 1501 Eandem
240 1447 381 1500 fortunam
399 1442 460 1498 tulit
481 1443 698 1512 Camulogenus.
736 1445 775 1498 At
796 1443 824 1508 ii,
843 1446 889 1515 qui

93 1529 225 1600 praesidio
246 1537 343 1583 contra
356 1535 449 1582 castra
462 1527 580 1582 Labieni
600 1536 679 1582 erant
692 1526 791 1595 relicti,
805 1545 892 1598 quum

92 1613 222 1684 proelium
236 1612 418 1667 commissum
431 1608 584 1680 audissent,
595 1610 721 1666 subsidio
731 1611 788 1666 suis
801 1611 892 1668 ierunt

93 1698 246 1768 collemque
280 1704 420 1765 ceperunt,
453 1711 545 1764 neque
582 1704 741 1759 nostrorum
772 1694 892 1748 militum
919 1688 922 1694 '

92 1780 229 1835 victorum
250 1779 388 1846 impetum
408 1776 545 1829 sustinere
565 1784 720 1843 potuerunt.
760 1777 807 1830 Sic
828 1794 893 1831 cum

94 1863 151 1917 suis
164 1859 333 1929 fugientibus
347 1857 484 1928 permixti,
494 1873 564 1926 quos
574 1873 631 1910 non
641 1859 719 1913 silvae
727 1869 893 1928 montesque

94 1954 227 2006 texerunt,
241 1943 277 1996 ab
289 1940 413 2011 equitatu
428 1947 493 1992 sunt
513 1938 658 1993 interfecti.
697 1942 761 1995 Hoc'
780 1940 893 2010 negotio

95 2028 229 2095 confecto,
251 2026 389 2079 Labienus
411 2021 557 2076 revertitur
577 2022 763 2091 Agendicum,
779 2024 827 2077 ubi
842 2023 894 2076 im-

94 2109 255 2178 pedimenta
273 2107 358 2163 totius
370 2103 506 2160 exercitus
520 2101 616 2157 relicta
634 2114 731 2170 erant余
751 2105 816 2159 inde
829 2121 894 2159 curn

95 2194 225 2247 omnibus
238 2191 325 2260 copiis
339 2191 375 2244 ad
390 2189 534 2242 caesarem
544 2188 680 2256 pervenit.

132 2277 240 2330 LXIII.
261 2273 425 2330 Defectione
457 2269 615 2324 AEduorum
647 2269 760 2339 cognita
788 2269 893 2323 bellum

96 2368 218 2427 augetur.
257 2358 424 2427 Legationes
442 2353 471 2406 in
484 2369 583 2407 omnes
602 2362 696 2421 partes
710 2352 894 2406 circummitt-

95 2451 179 2496 untur
191 2461 198 2506 余
217 2448 354 2511 quantum
366 2436 463 2506 gratia,
478 2436 653 2505 auctoritate,
665 2432 785 2504 pecunia
791 2433 894 2499 valent,

96 2525 133 2578 ad
146 2522 338 2578 sollicitandas
359 2519 488 2573 civitates
508 2519 635 2573 nituntur
646 2538 653 2583 余
672 2516 747 2571 nacti
772 2515 894 2582 obsides,

96 2624 166 2677 quos
180 2609 276 2660 Caesar
288 2601 363 2671 apud
376 2617 424 2654 eos
447 2599 624 2669 deposuerat,
636 2600 737 2652 horum
759 2596 895 2665 supplicio

97 2688 258 2743 dubitantes
289 2684 424 2739 territant.
480 2683 582 2736 Petunt
619 2697 636 2733 a
666 2679 895 2747 Vercingetorige

96 2770 192 2837 AEdui,
216 2779 246 2822 ut
270 2767 307 2818 ad
332 2781 362 2818 se
382 2763 477 2818 veniat
498 2763 676 2829 rationesque
695 2760 761 2814 belli
780 2760 894 2829 gerendi

322 2920 447 2962 A
