1996 3144
174 183 235 236 DE
251 185 386 238 Burro
407 185 590 254 GALLJCO,
609 186 687 239 tra.
713 187 774 240 Vll.
857 199 871 256 ς

77 322 166 378 iorem
188 323 217 376 in
237 333 342 378 statum
359 324 521 394 pervenisse
533 324 707 394 intelligeret,
719 325 749 378 in
768 328 873 380 Trans·

78 405 203 475 alpinam
230 406 352 460 Galliam
375 406 515 477 profectus
543 417 594 462 est.
631 406 675 462 Εὸ
696 426 783 478 quum
807 426 873 463 ven-

78 487 154 556 isset,
166 497 268 558 magna
281 489 443 543 difficultate
455 489 636 559 afficiebatur,
649 498 705 561 qua
716 491 823 545 ratione
836 491 873 544 ad

81 570 232 624 exercitum
251 569 397 639 pervenire
417 581 521 642 posset.
560 573 638 626 Nam
659 573 682 626 si
700 572 826 640 legiones
844 572 872 635 in

80 651 255 720 provinciam
266 663 427 722 arcesseret,
441 671 472 708 se
483 654 601 709 absente
612 654 642 708 in
662 654 761 708 itinere
773 653 872 723 proelio

77 735 258 789 dimicaturas
289 735 480 804 intelligebat;
511 738 535 790 si
565 737 627 807 ipse
656 738 693 791 ad
723 737 872 792 exercitum

77 817 265 883 contenderet,
278 833 314 871 ne
335 817 370 872 iis
390 818 505 887 quidem
524 834 558 872 eo
579 828 713 889 tempore,
726 818 773 888 qui
787 818 872 889 quieti

79 898 247 966 viderentur,
281 914 363 953 suam
394 901 511 955 salutem
542 900 617 956 recte
646 901 782 956 committi
813 900 872 955 vid·

74 981 151 1035 ebat.

109 1065 176 1118 Vll.
197 1065 312 1120 Interim
338 1065 482 1120 Lucterius
515 1066 659 1121 Cadurcus
687 1066 717 1119 in
746 1067 872 1120 Rutenos

74 1147 178 1200 missus
202 1163 267 1201 eam
291 1147 433 1202 civitatem
455 1148 588 1203 Arvernis
618 1147 757 1203 conciliat.
807 1149 872 1202 Pro·

74 1245 186 1297 gressus
200 1230 229 1283 in
242 1229 424 1299 Nitiobroges
444 1241 471 1285 et
485 1230 610 1285 Gabalos
630 1231 667 1284 ab
681 1231 804 1300 utrisque
823 1232 871 1285 ob-

75 1312 150 1367 sides
163 1313 312 1382 accipitet,
325 1320 429 1383 magna
446 1321 543 1368 coacti
551 1331 645 1382 manu,
661 1314 689 1367 in
698 1313 871 1382 provinciam

76 1397 241 1450 Narbonem
271 1413 369 1450 versus
392 1396 571 1466 *eruptionem
600 1395 693 1450 facere
719 1395 872 1450 contendit.

75 1480 138 1546 Qui
154 1495 183 1533 re
196 1478 324 1532 nuntiati
338 1479 434 1532 Caesar
454 1479 584 1532 omnibus
597 1478 721 1532 consiliis
733 1487 872 1532 antevert-

75 1558 177 1614 endum
200 1560 378 1627 existimavit,
402 1569 435 1613 ut
457 1562 622 1615 Narbonem
643 1561 871 1629 proficisceretur.

74 1638 119 1693 Εὸ
132 1658 217 1710 quum
230 1642 362 1710 venisset,
376 1641 506 1696 timentes
527 1641 679 1709 confirmat,
693 1641 824 1711 praesidia
843 1641 871 1693 in

75 1722 192 1776 Rutenis
203 1724 431 1792 provincialibus,
441 1724 536 1778 Volcis
544 1725 723 1787 Arecomicis,
734 1724 871 1778 Tolosati-

74 1805 127 1858 bus
140 1805 301 1876 circumque
315 1808 490 1875 Narbonem,
503 1824 566 1878 quae
575 1808 638 1861 loca
649 1807 777 1861 hostibus
793 1816 873 1861 erant

75 1887 203 1957 finitima,
216 1889 378 1956 constituit3
397 1900 506 1959 partem
526 1890 669 1958 copiarum
685 1909 718 1944 ex
730 1888 873 1959 provincii

75 1973 367 2042 supplementumque,
389 1973 466 2042 quod
491 1972 629 2038 exwltalia
658 1972 820 2039 adduxerat,
843 1970 872 2024 in

76 2053 203 2123 Helvios,
224 2055 272 2124 qui
296 2055 368 2109 fines
401 2056 591 2110 Arvernorum
610 2053 782 2123 contingunt,
807 2070 872 2109 con-

74 2135 169 2190 venire
178 2136 265 2205 jubet.

109 2219 194 2273 VIII.
215 2218 270 2272 His
288 2220 371 2274 rebus
388 2220 568 2288 comparatis,
587 2235 714 2287 represso
730 2219 789 2288 jam
803 2220 873 2273 Luo-

75 2300 143 2355 terio
156 2310 183 2355 et
196 2311 312 2368 remoto,
330 2300 405 2371 quod
419 2302 523 2355 intrare
532 2302 605 2354 intra
618 2300 749 2369 praesidia
759 2301 873 2369 pericul-

76 2399 157 2436 osum
169 2383 295 2456 putabat,
309 2383 338 2436 in
349 2384 468 2438 Helvios
484 2384 678 2452 proficiscitur.
717 2382 779 2436 Etsi
791 2398 874 2437 mons

78 2465 219 2534 Cebenna,
240 2465 287 2536 qui
308 2467 450 2520 Arvernos
471 2466 507 2519 ab
522 2466 631 2520 Helviis
652 2464 792 2528 discludit,
811 2464 874 2518 dur·

77 2545 173 2600 issimo
185 2556 311 2618 tempore
324 2549 390 2601 anni
404 2548 543 2603 altissima
555 2549 618 2601 nive
631 2548 683 2602 iter
696 2548 875 2616 impediebat,

77 2635 179 2692 tamen,
185 2629 313 2685 discussa
324 2630 387 2684 nive
397 2646 446 2685 sex
455 2631 483 2683 in
493 2629 671 2684 altitudinem
679 2629 782 2697 pedum
791 2639 874 2698 atque
892 2624 905 2637 ’“

78 2711 117 2763 ita
128 2712 181 2764 viis
195 2714 343 2780 patefactis
358 2730 470 2771 summo
492 2713 611 2766 militum
634 2712 742 2773 sudore,
755 2712 792 2764 ad
805 2713 875 2764 fines
