1996 3144
171 228 232 282 DE
248 227 385 283 BELLO
405 230 592 294 GALLICO,
610 232 688 285 LIB.
713 231 775 287 VII.
843 245 876 302 53

75 385 143 440 pars
173 369 354 434 deditionem,
384 387 458 439 pars,
492 369 560 424 dum
585 371 659 425 vires
690 382 877 442 suppeterent,

77 451 251 521 eruptionem
260 452 403 521 censebat,
412 469 469 505 non
483 453 678 521 praetereunda
687 453 777 507 oratio
788 455 877 509 Crito-

76 535 155 603 gnati
168 535 278 590 videtur
290 543 404 605 propter
423 536 482 605 ejus
504 537 675 605 singularem
693 546 721 590 et
742 537 878 591 nefariam

76 618 279 673 crudelitatem.
331 619 397 689 Hic,
429 635 540 673 summo
572 619 601 673 in
631 619 765 674 Arvernis
802 630 879 676 ortus

75 700 140 754 loco
170 710 198 756 et
232 717 347 771 magnae
385 701 500 755 habitus
530 701 715 770 auctoritatis,
747 702 879 771 “Nihil,'’

74 781 175 852 inquit,
206 782 267 838 “de
292 781 395 838 ¹eorum
421 783 561 838 sententia
585 783 710 838 dicturus
733 801 804 854 sum,
830 786 879 856 qui

73 865 267 934 turpissimam
300 865 466 921 servitutem
498 866 651 922 deditionis
684 868 799 921 nomine
829 885 878 936 ap-

73 947 190 1018 pellant,
208 964 299 1018 neque
321 949 373 1002 hos
401 948 548 1003 habendos
572 949 677 1003 civium
700 948 763 1003 loco
788 967 879 1020 neque

74 1030 113 1084 ad
148 1030 300 1085 concilium
336 1031 514 1085 adhibendos
560 1048 674 1084 censeo.
725 1032 798 1084 Cum
834 1032 878 1085 his

74 1111 146 1167 mihi
170 1129 213 1167 res
239 1113 283 1180 sit,
310 1113 359 1183 qui
381 1113 559 1182 eruptionem
584 1114 726 1183 probant;
759 1130 878 1183 quorum

73 1193 104 1249 in
136 1196 253 1250 consilio
281 1196 408 1250 omnium
432 1191 559 1250 vestrim
584 1212 724 1250 consensu
750 1195 877 1266 pristinae

74 1277 198 1334 residere
217 1279 328 1333 virtutis
348 1279 485 1335 memoria
497 1279 615 1334 videtur.
652 1280 748 1333 Animi
767 1289 810 1334 est
823 1280 878 1334 ista

74 1362 202 1430 mollitia,
223 1379 281 1417 non
302 1360 400 1430 virtus,
422 1362 565 1431 paulisper
585 1362 711 1431 inopiam
731 1363 802 1417 serre
820 1380 877 1416 non

74 1461 168 1515 posse.
205 1444 260 1514 Qui
276 1461 308 1499 se
320 1445 393 1498 ultro
403 1444 489 1498 morti
501 1445 629 1513 offerant,
647 1443 759 1499 saciliirs
774 1446 876 1514 reperi·

74 1537 160 1582 untur
171 1525 255 1598 qudm
274 1528 322 1599 qui
341 1527 469 1582 dolorem
491 1528 630 1597 patienter
648 1528 746 1582 ferant.
783 1529 878 1598 Atque

74 1627 130 1679 ego
163 1612 236 1666 hanc
269 1612 438 1666 sententiam
472 1612 767 1680 probarem—tantum
802 1612 878 1679 apud

75 1710 123 1748 me
143 1692 266 1764 dignitas
284 1693 447 1764 potest,·-si
468 1694 575 1747 nullam
599 1706 788 1763 praeterquam
812 1693 879 1747 vitae

75 1785 181 1832 uostrae
202 1776 342 1847 jacturam
368 1776 427 1830 fieri
454 1775 599 1842 viderem3
630 1777 681 1830 sed
711 1776 740 1829 in
759 1775 878 1830 consilio

75 1858 215 1929 capiendo
234 1875 348 1914 ornnem
370 1857 493 1913 Galliam
513 1859 704 1928 respiciamus,
731 1876 816 1929 quam
840 1857 878 1912 ad

76 1952 205 1997 nostrum
222 1943 356 1997 auxilium
376 1941 588 1997 concitavimus.
627 1942 711 2011 Quid,
732 1941 878 1995 hominum

77 2025 201 2080 millibus
214 2027 358 2095 octoginta
377 2044 434 2080 uno
453 2026 516 2080 loco
538 2026 699 2092 interfectis
712 2024 878 2094 propinquis

77 2108 352 2178 consanguineisque
375 2107 490 2175 nostris,
510 2108 598 2161 animi
623 2107 683 2161 fore
702 2107 878 2168 existimatis,

78 2191 103 2246 si
115 2207 197 2260 paene
208 2191 238 2244 in
250 2189 320 2260 ipsis
332 2190 519 2245 cadaveribus
537 2189 637 2258 proelio
659 2190 802 2243 decertare
815 2205 878 2256 cog·
900 2237 902 2242 .

77 2273 181 2329 entur?
218 2273 313 2327 Nolite
333 2274 385 2327 hos
405 2281 498 2327 vestro
517 2272 620 2324 auxilio
643 2271 805 2340 exspoliare,
831 2268 879 2339 qui

77 2365 179 2411 vestrae
196 2355 293 2410 salutis
314 2363 402 2410 causa
413 2373 496 2410 suum
512 2354 667 2424 periculum
688 2353 878 2421 neglexerunt,

79 2455 133 2493 nec
156 2438 275 2493 stultitia
297 2455 331 2492 ac
350 2438 507 2494 temeritate
532 2443 627 2491 vestra
650 2445 699 2490 aut
720 2434 808 2488 animi
829 2435 880 2489 im-

78 2519 232 2577 becillitate
244 2538 356 2576 omnem
378 2520 501 2576 Galliam
513 2529 688 2590 prosternere
700 2528 728 2573 et
739 2528 881 2588 perpetuae

80 2605 206 2661 servituti
228 2605 374 2674 subjicere.
410 2605 465 2672 An,
479 2604 555 2672 quod
576 2603 614 2658 ad
631 2603 706 2656 diem
727 2618 785 2655 non
797 2617 881 2655 vene·

78 2698 153 2757 runt,
166 2688 311 2744 decorum
324 2688 379 2742 fide
388 2687 604 2756 constantiaque
614 2685 769 2739 dubitatis?
806 2685 881 2753 Quid

78 2771 167 2841 ergo?
204 2772 348 2826 Romanos
369 2771 399 2825 in
419 2769 474 2825 illis
487 2769 666 2836 ulterioribus
676 2767 894 2822 munitissimus
