1996 3144
190 257 223 312 54
400 246 430 300 c.
449 244 568 314 Jorrr
584 244 770 299 CAESARJS

185 383 310 438 animine
334 392 420 439 causa
445 384 572 455 quotidie
592 384 712 439 exerceri
732 385 860 455 putatis?
897 386 928 440 SI
957 386 991 441 il-

185 466 276 521 lorum
291 467 396 522 nuntiis
416 466 578 521 confirmari
590 484 653 520 non
672 468 798 537 potestis,
811 467 889 522 omni
907 468 991 525 aditu

184 559 331 619 praesepto,
339 550 383 604 his
391 550 501 604 utimini
514 549 641 617 testibus,
654 551 879 620 appropinquare
889 567 990 607 eorum

186 631 339 686 adventum
352 652 359 698 ;
379 634 458 703 cujus
471 632 511 685 rei
525 632 625 686 timore
637 633 756 686 exterriti
770 633 846 686 diem
858 641 989 687 noctem·

186 730 242 783 que
260 715 288 769 in
307 732 391 783 opere
415 723 570 770 versantur.
608 714 684 783 Quid
709 731 775 782 ergo
795 717 851 770 mei
876 717 991 771 consilii

185 799 250 851 est?
286 799 399 865 Facere,
412 799 489 868 quod
502 798 590 851 nostri
604 796 724 865 majores
737 814 917 867 nequaquam
925 799 990 868 pari

184 881 258 934 bello
280 880 457 935 Cimbrorum
480 883 696 950 Teutonumque
717 881 859 947 fecerunt;
888 881 936 951 qui
960 884 991 937 in

185 963 290 1032 oppida
308 952 446 1032 compulsi
472 978 504 1016 ac
530 962 615 1015 simili
639 963 735 1031 inopia
754 963 863 1017 subacti
890 980 991 1019 eorum

185 1046 356 1114 corporibus,
370 1046 417 1115 qui
427 1053 511 1099 aetate
523 1044 560 1098 ad
571 1044 676 1098 bellum
686 1045 798 1099 inutiles
812 1046 991 1115 videbantur,

184 1127 271 1181 vitam
284 1129 470 1182 toleraverunt
492 1142 583 1196 neque
604 1143 634 1180 se
656 1127 784 1182 hostibus
804 1129 991 1184 tradiderunt.

186 1209 272 1278 Cujus
285 1209 324 1263 rei
337 1211 360 1264 si
371 1210 529 1279 exemplum
542 1227 599 1262 non
609 1209 785 1278 haberemuS,
797 1220 892 1265 tamen
905 1212 991 1266 liber·

185 1293 251 1346 tatis
264 1299 349 1346 causa
361 1293 468 1346 institui
488 1300 516 1345 et
534 1293 653 1361 posteris
675 1293 755 1361 prodi
769 1292 992 1359 pulcherrimum

180 1374 346 1446 judicarem.
383 1377 460 1429 Nam
474 1375 541 1446 quid
563 1376 603 1429 illi
622 1376 712 1430 simile
731 1376 805 1430 bello
819 1375 890 1431 suit?
927 1379 991 1433 De·

183 1460 319 1529 populata
345 1459 444 1526 Gallia,
466 1459 581 1527 Cimbri,
600 1466 759 1529 magnique
781 1459 860 1513 illata
882 1461 991 1516 calam·

185 1542 261 1609 itate,
275 1542 378 1596 finibus
397 1542 511 1612 quidem
524 1542 628 1596 nostris
641 1542 793 1612 aliquando
808 1555 991 1601 excesserunt

184 1634 268 1694 atque
288 1625 359 1679 alias
386 1636 477 1681 terras
510 1626 668 1695 petierunt;
692 1626 764 1694 jura,
783 1628 869 1696 leges,
892 1644 990 1697 agros

184 1708 343 1763 libertatem
363 1708 445 1762 nobis
467 1710 646 1779 reliquerunt.
685 1710 807 1763 Romani
829 1707 895 1764 verd
918 1712 991 1781 quid

185 1800 283 1861 petunt
302 1793 379 1846 aliud
400 1801 448 1845 aut
461 1793 529 1862 quid
542 1794 648 1856 volunt,
663 1791 717 1846 nisi
735 1793 841 1847 invidia
860 1794 990 1866 adducti,

185 1891 256 1943 quos
277 1875 354 1928 fama
366 1876 477 1931 nobiles
490 1885 678 1945 potentesque
691 1876 765 1929 bello
785 1888 989 1948 cognoverunt,

185 1957 286 2012 horum
299 1958 327 2011 in
341 1957 415 2026 agris
428 1958 645 2028 civitatibusque
668 1959 814 2013 considere
836 1969 921 2029 atque
941 1961 990 2017 his

185 2048 321 2095 aeternam
333 2039 477 2110 injungere
490 2041 677 2096 servitutem?
715 2045 815 2112 Neque
837 2042 914 2096 enim
928 2044 991 2099 ulla‘t

186 2124 243 2178 alia
255 2124 416 2180 conditione
428 2124 504 2179 bella
516 2135 671 2193 gesserunt.
711 2123 795 2194 Qubd
815 2126 838 2180 si
860 2142 903 2193 ea,
922 2143 991 2196 quae

186 2206 216 2260 in
240 2207 400 2277 longinquis
421 2208 582 2262 nationibus
604 2217 745 2276 geruntur,
773 2208 918 2276 ignoratis,
944 2226 989 2265 re·

186 2288 285 2359 spicite
295 2291 443 2345 finitimam
456 2291 585 2361 Galliam,
595 2308 658 2361 quae
666 2291 693 2344 in
704 2292 878 2361 provinciam
887 2291 989 2349 redac-

186 2382 224 2433 ta,
233 2371 295 2441 jure
314 2383 342 2427 et
357 2373 466 2442 legibus
486 2375 674 2441 commutatis,
694 2376 838 2430 securibus
858 2374 989 2445 subiecta

186 2463 319 2525 perpetua
331 2458 466 2526 premitur
477 2457 633 2512 servitute.’'

223 2540 389 2594 LXXVIII.
409 2538 561 2594 Sententiis
574 2538 657 2594 dictis
667 2541 846 2611 constituunt,
854 2551 885 2596 ut
897 2541 926 2609 ii,
936 2541 987 2612 qui

186 2621 346 2677 valetudine
370 2633 418 2677 aut
442 2631 526 2676 aetate
545 2622 657 2677 inutiles
682 2634 747 2678 sunt
771 2625 853 2692 bello,
879 2625 987 2694 oppido

187 2706 332 2771 excedant,
351 2713 435 2774 atque
448 2705 543 2759 omnia
561 2705 638 2775 priris
651 2707 835 2776 experiantur,
849 2705 934 2776 quiam
946 2707 986 2763 ad

190 2787 345 2854 Critognati
359 2787 528 2842 sententiam
541 2789 714 2844 descendant
727 2807 734 2854 ς
754 2787 802 2843 illo
815 2800 908 2845 tamen
921 2800 986 2859 pot·
