1996 3144
170 277 230 332 DE
246 276 384 330 BELLO
404 275 587 338 GALLICO,
604 276 682 329 LIB.
708 276 769 329 VII.
840 288 873 343 27

76 420 158 472 sulat.
195 407 309 486 “Quasi
321 415 412 482 vero,’'
430 414 520 484 inquit
538 414 594 483 ille,
613 415 750 470 “consilii
767 417 803 469 sit
821 431 875 485 res,

75 517 110 559 ac
123 517 181 554 non
193 515 310 554 necesse
329 497 365 552 sit
378 497 461 551 nobis
476 498 644 565 Gergoviam
657 499 827 552 contendere
844 507 873 552 et

78 599 144 638 cum
156 582 291 638 Arvernis
310 589 421 635 nosmet
434 580 611 649 conjungere.
647 583 693 634 An
705 581 875 650 dubitamus,

76 666 153 735 quin,
164 665 271 718 nefario
283 663 408 717 facinore
420 663 555 730 admisso,
568 664 690 716 Romani
700 663 760 732 jam
772 663 809 717 ad
822 680 875 717 nos

79 747 288 802 interficiendos
318 747 507 800 concurrant?
544 745 673 812 Proinde,
694 745 717 799 si
748 746 816 815 quid
845 746 875 800 in

77 831 160 884 nobis
179 829 267 883 animi
284 838 336 896 est,
348 844 549 897 persequamur
567 844 663 881 eorum
681 837 810 895 mortem,
827 828 873 898 qui

78 909 273 980 indignissime
292 911 463 979 interierunt,
484 921 568 980 atque
586 911 639 964 hos
656 910 778 964 latrones
791 910 869 964 inter·

77 994 229 1048 ficiamus.”
266 994 398 1048 Ostendit
411 993 485 1047 cives
503 994 656 1061 Romanos,
670 993 718 1061 qui
731 993 791 1061 ejus
801 1009 869 1061 prae·

78 1075 143 1130 sidii
156 1075 260 1130 fiducia
268 1092 324 1128 una
333 1085 426 1138 erant;
439 1091 573 1142 magnum
584 1091 731 1128 numerum
740 1074 871 1129 frumenti

79 1164 309 1227 commeatusque
322 1156 425 1225 diripit,
442 1157 518 1226 ipsos
539 1156 688 1210 crudeliter
700 1157 874 1212 excruciatos

79 1243 217 1298 interficit.
250 1240 372 1296 Nuntios
381 1247 442 1296 tota
454 1240 567 1296 civitate
580 1241 738 1295 AEduorum
751 1239 874 1308 dimittit,

78 1326 179 1380 eodem
197 1324 347 1379 mendacio
366 1323 402 1377 de
420 1322 499 1378 caede
517 1322 642 1394 equitum
667 1332 695 1377 et
716 1324 874 1392 principum

77 1415 241 1477 permovet;
260 1406 387 1461 hortatur
403 1416 434 1461 ut
455 1406 539 1460 simili
560 1405 677 1472 ratione,
699 1414 784 1476 atque
811 1405 873 1475 ipse

76 1489 181 1557 fecerit,
195 1506 259 1543 suas
273 1488 388 1558 injurias
400 1497 609 1558 persequantur.

117 1572 256 1625 XXXIX.
273 1571 448 1640 Eporedorix
460 1571 579 1639 AEduus,
592 1586 702 1625 summo
716 1571 779 1625 loco
791 1580 874 1626 natus

76 1654 241 1711 adolescens
261 1663 289 1708 et
309 1668 428 1707 summae
440 1652 516 1707 domi
536 1653 678 1722 potentiae,
693 1663 721 1707 et
733 1651 790 1707 unit
801 1653 874 1706 Viri-

77 1739 218 1806 domarus,
232 1737 292 1807 pari
311 1745 395 1791 aetate
413 1745 441 1790 et
453 1736 553 1804 gratia,
572 1736 622 1790 sed
635 1751 737 1805 genere
756 1736 870 1805 dispari,

76 1837 161 1890 quem
176 1820 273 1874 Caesar
290 1819 327 1872 ab
348 1818 489 1873 Divitiaco
509 1818 561 1872 sibi
575 1819 708 1872 traditum
721 1835 755 1872 ex
772 1818 871 1872 humili

76 1903 140 1957 loco
152 1902 190 1956 ad
199 1918 339 1955 summam
350 1901 517 1968 dignitatem
526 1900 700 1970 perduxerat,
711 1901 740 1954 in
748 1899 871 1969 equitum

77 2000 195 2041 numero
222 1992 411 2050 convenerant
441 1984 610 2037 nominatim
635 1984 672 2036 ab
695 2000 730 2037 eo
755 1984 871 2038 evocati.

78 2069 134 2122 His
146 2077 205 2123 erat
219 2065 289 2121 inter
302 2081 333 2120 se
345 2065 381 2121 de
394 2066 552 2135 principatu
573 2064 725 2134 contentio,
737 2075 765 2120 et
778 2067 807 2119 in
826 2066 874 2119 illa

77 2151 292 2221 magistratuum
301 2148 492 2203 controversia
503 2150 573 2203 alter
585 2166 636 2218 pro
650 2148 872 2215 Convictolitavi,

78 2236 149 2288 alter
159 2250 211 2302 pro
225 2234 296 2287 Coto
306 2231 423 2285 summis
434 2231 533 2299 opibus
544 2240 747 2300 pugnaverant.
774 2233 819 2284 Ex
827 2231 871 2284 his

79 2314 259 2385 Eporedorix,
273 2315 385 2383 cognito
409 2313 543 2367 Litavicci
566 2312 693 2379 consilio,
710 2312 872 2368 mediafere

76 2407 160 2452 nocte
180 2412 239 2450 rem
261 2397 298 2450 ad
322 2396 464 2449 Caesarem
478 2394 586 2458 desert3
605 2404 674 2457 orat,
693 2411 729 2448 ne
750 2395 872 2463 patiatur

78 2479 218 2535 civitatem
229 2477 322 2549 pravis
335 2476 556 2531 adolescentium
567 2477 692 2530 consiliis
700 2477 737 2530 ab
747 2477 871 2532 amicitia

75 2561 172 2634 populi
202 2561 324 2616 Romani
351 2560 480 2627 deficere,
508 2559 584 2629 quod
609 2561 730 2614 futurum
760 2560 870 2628 provid-

77 2655 132 2713 eat,
146 2644 170 2700 si
188 2660 218 2698 se
236 2653 277 2698 tot
296 2643 442 2697 hominum
464 2642 552 2695 millia
575 2660 639 2697 cum
658 2642 786 2697 hostibus
804 2659 868 2697 con-

74 2726 224 2796 junxerint,
235 2741 356 2795 quorum
370 2724 490 2779 salutem
500 2741 597 2795 neque
604 2721 895 2793 ῃωῴιψκκεςξκξ

75 2825 122 2865 ere
134 2823 226 2879 neque
237 2807 338 2866 civitas
349 2806 409 2866 levi
420 2818 577 2866 momento
588 2804 748 2863 aest'xmare
754 2798 883 2864 um*
