1996 3144
128 240 163 290 4ο
342 227 371 280 C.
392 226 511 296 JULII
523 227 714 281 CAESARIS

162 367 236 419 LIX.
256 368 322 436 Jam
347 367 443 420 Caesar
461 385 479 421 a
500 368 639 435 Gergovia
658 369 822 423 discessisse
846 368 925 422 audi-

125 450 233 517 ebatur,
254 449 315 518 jam
336 448 371 503 de
392 451 551 505 AEduorum
572 450 727 506 desectione
747 462 776 506 et
800 451 924 506 secundo

127 531 228 585 Galliae
254 541 333 586 motu
358 548 484 587 rurnores
516 533 710 600 afferebantur,
739 534 869 604 Gallique
895 535 925 588 in

125 613 270 683 colloquiis
293 613 475 669 interclusum
496 615 595 670 itinere
615 627 642 671 et
663 616 755 685 Ligeri
783 618 926 671 Caesarem

124 696 219 766 inopia
229 697 361 750 frumenti
373 707 503 751 coactum
515 698 545 751 in
558 699 733 768 provinciam
746 698 927 755 contendisse

125 779 338 833 confirmabant.
377 780 520 835 Bellovaci
544 789 639 835 autem
657 780 814 836 defectione
837 782 928 837 AEdu·

124 878 204 916 orum
216 862 338 930 cognita,
350 863 397 931 qui
414 862 475 931 jam
486 861 552 917 ante
573 873 654 918 erant
673 880 724 932 per
741 880 772 918 se
790 863 925 928 infideles,

124 950 223 999 mantis
237 960 335 1014 cogere
347 954 432 1016 atque
442 943 537 1015 aperte
548 946 653 1000 bellurn
663 962 763 1016 parare
771 956 926 1017 coeperunt.

122 1031 197 1083 Tum
223 1028 363 1083 Labienus
388 1035 468 1083 tanta
491 1045 584 1083 rerum
607 1029 826 1085 commutatione
843 1027 926 1098 longe

122 1111 200 1165 aliud
230 1111 284 1165 sibi
321 1112 490 1181 capiendum
527 1112 683 1182 consilium,
720 1122 805 1182 atque
840 1121 925 1167 antea

122 1203 256 1260 senserat,
265 1194 439 1263 intelligebat
451 1214 459 1260 ;
478 1211 570 1265 neque
575 1196 644 1264 jam,
658 1205 688 1249 ut
696 1195 803 1266 aliquid
815 1196 923 1265 acquir·

121 1285 180 1329 eret
191 1275 347 1344 proelioque
359 1276 457 1331 hostes
469 1277 627 1344 lacesseret,
641 1279 691 1332 sed
703 1287 734 1332 ut
752 1278 922 1332 incolumem

121 1358 272 1415 exercitum
283 1360 460 1429 Agendicum
475 1361 627 1430 reduceret,
645 1362 794 1430 cogitabat.
833 1363 923 1417 Nam·

120 1460 174 1514 que
192 1443 281 1497 altera
292 1460 326 1498 ex
337 1451 416 1513 parte
431 1443 581 1512 Bellovaci,
594 1462 658 1514 quae
671 1445 769 1516 civitas
788 1446 817 1499 in
831 1445 923 1499 Gallia

119 1527 272 1581 maximam
308 1527 394 1582 habet
424 1527 585 1597 opinionem
614 1529 733 1592 virtutis,
769 1528 922 1597 instabant,

118 1609 236 1665 alteram
251 1611 458 1678 Camulogenus
471 1620 569 1680 parato
582 1620 666 1682 atque
678 1611 814 1666 instructo
827 1627 920 1666 exerc·

119 1692 158 1747 itu
178 1693 312 1758 tenebat;
339 1703 399 1747 turn
426 1693 550 1762 legiones
571 1710 589 1747 a
608 1693 741 1763 praesidio
762 1703 847 1764 atque
868 1694 920 1746 im·

119 1775 287 1844 pedimentis
297 1775 463 1830 interclusas
475 1775 630 1830 maximum
642 1777 746 1830 flumen
759 1776 920 1832 distinebat.

117 1856 218 1910 Tantis
237 1855 330 1910 subiti)
349 1857 558 1911 difficultatibus
572 1857 689 1927 objectis
708 1859 745 1913 ab
764 1859 851 1914 animi
863 1859 918 1915 vir·

117 1946 176 1992 tute
189 1939 323 1993 auxilium
335 1941 488 2008 petendum
500 1940 623 1995 videbat.

154 2021 212 2075 LX.
233 2021 292 2076 Sub
310 2037 459 2090 vesperum
478 2023 596 2077 consilio
608 2034 771 2091 convocat0,
788 2025 918 2079 cohorta-

116 2113 170 2172 tus,
183 2113 213 2158 ut
225 2119 266 2172 ea,
287 2120 350 2174 quae
368 2102 541 2173 imperdsset,
559 2105 706 2173 diligenter
727 2106 916 2178 industridque

116 2185 351 2256 administrarent,
365 2203 460 2256 naves,
480 2203 551 2257 quas
574 2187 733 2242 Metiosedo
755 2189 916 2261 deduxerat,

115 2269 240 2340 singulas
253 2271 392 2343 equitibus
407 2272 543 2325 Romanis
556 2270 681 2327 attribuit
700 2281 735 2339 et,
748 2272 839 2341 prima
852 2289 917 2327 con-

114 2353 190 2408 secta
208 2353 312 2423 vigilia,
325 2364 445 2424 quatuor
463 2355 551 2409 millia
571 2370 706 2425 passuum
725 2356 849 2409 secundo
866 2355 917 2409 flu·

114 2437 191 2491 mine
210 2437 320 2491 silentio
339 2438 469 2506 progredi
488 2437 583 2508 ibique
601 2455 633 2492 se
652 2436 806 2507 exspectari
827 2436 915 2505 jubet.

116 2517 247 2587 Quinque
269 2517 407 2586 cohortes,
429 2536 498 2589 quas
519 2520 634 2574 minime
653 2520 748 2574 fimas
761 2518 798 2572 ad
819 2518 917 2572 dimic-

114 2600 221 2654 andum
233 2616 295 2655 esse
307 2600 494 2668 existimabat,
509 2604 610 2661 castris
623 2601 755 2673 praesidio
765 2600 895 2670 relinquit
908 2620 915 2666 ;

114 2681 238 2752 quinque
259 2683 387 2752 ejusdem
407 2683 528 2753 legionis
540 2686 661 2756 reliquas
674 2685 710 2739 de
722 2683 816 2738 media
834 2693 917 2739 nocte

114 2779 179 2820 cum
188 2765 317 2819 omnibus
331 2764 539 2836 impedimentis
553 2768 671 2823 adverso
684 2764 799 2820 flumine
811 2781 913 2835 magne
