1996 3144
99 443 130 493 ,υ
309 428 340 484 e.
358 427 477 498 Jurrr
493 429 681 484 CAESARJS

132 568 237 621 XLVI.
258 567 363 638 Oppidi
387 586 483 622 murus
509 568 546 622 ab
569 570 685 639 planitie
707 579 793 640 atque
814 567 894 624 initio

96 654 229 704 ascensus
242 657 318 704 recta
327 650 449 720 regione,
462 649 486 705 si
496 651 589 705 nullus
602 652 744 706 anfractus
757 651 893 705 interced·

96 740 162 799 eret,
185 732 261 787 mille
282 733 417 787 ducentos
437 739 537 802 passus
559 735 656 790 aberat
668 753 676 799 ;
690 733 823 805 quicquid
837 734 892 787 huc

95 814 226 869 circuitus
239 816 277 869 ad
287 815 471 870 molliendum
483 815 587 871 clivum
600 825 764 886 accesserat,
778 816 807 870 id
817 824 891 884 spat·

95 896 154 950 ium
172 896 278 952 itineris
291 898 422 966 augebat.
459 898 485 951 A
498 900 592 955 medio
613 899 670 954 fero
688 899 759 954 colle
772 899 801 952 in
812 898 891 968 long·
909 914 911 918 “

94 978 241 1048 itudinem,
262 990 293 1034 ut
313 989 413 1034 natura
425 980 529 1035 montis
551 981 667 1048 serebat,
680 999 715 1036 ex
733 981 888 1050 grandibus

94 1062 169 1116 saxis
188 1078 236 1116 sex
255 1062 361 1131 pedum
382 1079 503 1131 murum,
516 1063 563 1133 qui
576 1073 735 1118 nostrorum
752 1064 890 1134 impetum

93 1145 225 1212 tardaret,
238 1143 434 1214 praeduxerant
454 1145 537 1213 Galli,
550 1154 643 1215 atque,
661 1144 789 1200 inferiore
808 1145 884 1198 omni

93 1228 281 1298 spatIovacuo
290 1227 396 1290 relicto,
411 1226 582 1297 superiorem
595 1237 703 1296 partem
712 1227 790 1282 collis
799 1243 887 1297 usque

92 1310 130 1363 ad
140 1326 250 1365 murum
264 1311 362 1380 oppidi
372 1309 548 1364 densissimis
558 1309 656 1364 castris
667 1310 887 1379 compleverant.

95 1391 210 1459 Milites,
222 1392 291 1445 dato
313 1393 404 1460 signo,
417 1393 542 1446 celeriter
562 1392 601 1446 ad
622 1392 808 1446 munitionem
828 1408 889 1459 per-

92 1473 218 1541 veniunt,
242 1489 361 1543 eamque
392 1473 560 1543 transgressi
590 1475 670 1528 trinis
692 1474 791 1527 castris
816 1473 887 1542 poti·

91 1562 193 1620 untur;
206 1571 240 1608 ac
252 1562 332 1608 tanta
340 1554 392 1608 suit
404 1555 433 1607 in
447 1554 546 1609 castris
556 1555 701 1624 capiendis
715 1554 850 1618 celeritas,
859 1564 889 1609 ut

92 1636 286 1704 Teutomatus,
304 1652 353 1692 rex
366 1636 574 1707 Nitiobrogum,
593 1634 686 1692 subitb
697 1637 726 1690 in
738 1637 887 1692 tabernac·

91 1720 138 1774 ulo
159 1736 317 1790 oppressus,
336 1728 367 1775 ut
388 1719 503 1776 meridie
522 1720 727 1790 conquieverat,
748 1721 888 1791 superiore

91 1803 215 1873 corporis
233 1813 314 1874 parte
334 1803 449 1872 nudata,
468 1804 613 1858 vulnerato
634 1822 716 1874 equo,
736 1805 782 1858 vix
803 1821 834 1859 se
852 1821 886 1859 ex

90 1878 222 1940 manibus
235 1885 424 1955 praedantium
437 1885 558 1941 militum
572 1887 698 1956 eriperet.

126 1968 247 2022 XLVII.
268 1969 462 2037 consequutus
483 1969 521 2035 id,
541 1968 617 2038 quod
638 1969 734 2022 animo
752 1984 887 2037 proposu-

91 2060 158 2119 erat,
165 2053 261 2105 Caesar
268 2052 391 2119 receptui
405 2052 468 2104 cani
476 2051 569 2119 jussit,
577 2051 751 2121 legionisque
761 2051 888 2120 decimae,

91 2139 288 2203 quacumerat,
303 2129 434 2187 continud
448 2133 530 2201 signa
543 2132 696 2188 constituit.
730 2134 774 2186 Ac
787 2134 888 2203 reliqu·

91 2231 171 2269 arum
190 2214 334 2284 legionum
354 2215 464 2281 milites,
488 2231 546 2268 non
567 2215 698 2270 exaudito
711 2214 787 2270 tubae
809 2232 888 2284 sono,

92 2295 169 2368 qudd
186 2294 255 2352 satis
276 2314 381 2367 magna
402 2298 489 2353 valles
513 2297 712 2368 intercedebat,
735 2307 830 2354 tamen
851 2299 888 2353 ab

91 2379 209 2434 tribunis
223 2379 343 2435 militum
357 2382 526 2451 legatisque,
544 2391 575 2435 ut
588 2391 678 2435 erata
691 2383 803 2436 Caesare
815 2398 887 2451 prae·

91 2471 212 2534 ceptum,
232 2464 446 2529 retinebantur;
466 2464 525 2530 sed,
549 2463 614 2518 elati
636 2480 687 2533 spe
710 2465 808 2519 celerIs
830 2464 889 2518 vic-

91 2545 170 2600 toriae
190 2556 218 2601 et
239 2546 364 2601 hostium
385 2546 453 2614 suga
476 2555 504 2599 et
530 2545 705 2615 superiorum
731 2555 889 2614 temporum

91 2629 222 2682 secundis
244 2628 360 2698 proeliis,
381 2627 451 2680 nihil
472 2625 544 2681 adei>
564 2628 682 2683 arduum
702 2629 756 2682 sibi
769 2644 831 2681 esse
843 2644 889 2681 ex-

91 2710 293 2778 istimaverunt,
306 2710 382 2780 quod
402 2725 459 2762 non
477 2709 578 2764 virtute
599 2711 734 2781 consequi
752 2718 885 2780 possent;

91 2810 182 2864 neque
195 2795 280 2848 finem
301 2788 378 2862 pribs
397 2791 534 2860 sequendi
556 2792 690 2858 fecerunt,
703 2789 788 2862 quim
808 2805 888 2844 muro

91 2878 187 2944 oppidi
200 2875 344 2946 portisque
364 2872 632 2944 appropinqubrunt.
669 2875 745 2927 Tum
765 2867 833 2924 vero
854 2888 888 2925 ex

77 2959 221 3012 'omnibus
234 2958 311 3011 urbis
329 2956 455 3027 partibus
474 2967 536 3013 orto
557 2957 688 3025 clamore,
707 2954 755 3026 qui
775 2951 887 3022 longius
