1996 3144
100 140 134 195 52
312 123 342 176 C.
361 123 479 192 JULII
496 122 684 177 CAESARIS
708 186 713 197 ἢ

96 266 174 337 perio
202 264 460 333 obtemperaturos;
491 264 581 332 rogati
603 272 698 318 tamen
716 264 753 317 ab
773 262 904 319 Commio

96 364 148 418 pro
160 348 219 416 ejus
232 346 354 416 hospitio
367 346 423 401 duo
436 347 524 401 millia
537 345 593 400 unia
603 347 745 401 miserunt.

135 432 266 485 LXXVI.
290 430 382 498 Hujus
408 437 493 500 opera
524 431 655 500 Commii,
684 439 715 484 ut
738 439 824 484 anta
853 429 902 484 de·

96 513 323 580 monstravimus,
337 512 412 567 fideli
430 522 515 583 atque
527 514 586 568 utili
609 512 796 582 superioribus
818 511 901 566 annis

96 604 156 649 erat
165 611 232 650 usus
241 595 269 648 in
279 595 426 650 Britannia
437 597 549 660 Caesar;
563 595 664 665 quibus
675 596 721 649 ille
733 612 783 664 pro
793 594 901 648 meritis

95 679 239 732 civitatem
252 676 311 745 ejus
324 677 478 731 immunem
491 694 553 732 esse
559 678 690 746 jusserat,
696 677 759 746 jura
769 677 901 746 legesque

96 759 266 827 reddiderat,
280 769 364 829 atque
377 760 430 829 ipsi
442 761 569 814 Morinos
578 760 751 815 attribuerat.
788 760 900 813 Tamen

96 852 177 898 tanta
198 844 336 898 universae
362 842 464 897 Galliae
497 844 648 898 consensio
679 843 731 897 suit
762 843 899 896 libertatis

96 931 276 985 vindicandae
296 938 323 984 et
341 929 468 998 pristinae
487 929 554 983 belli
576 929 667 984 laudis
689 927 898 998 recuperandae,

95 1023 127 1067 ut
144 1030 235 1083 neque
248 1012 391 1066 beneficiis
404 1028 496 1081 neque
509 1012 643 1066 amicitiae
661 1011 800 1066 memoria
818 1028 898 1064 mov·

95 1104 216 1164 crentur,
234 1110 388 1163 omnesque
398 1104 426 1149 et
439 1096 533 1148 animo
547 1104 574 1148 et
587 1095 688 1164 opibus
707 1095 736 1147 in
750 1094 779 1147 id
790 1093 897 1148 bellum

96 1176 297 1230 incumberent.
336 1175 449 1229 Coactis
478 1175 604 1245 equitum
629 1185 694 1229 octo
718 1175 843 1228 millibus
868 1184 899 1232 et

94 1257 222 1328 peditum
234 1257 343 1310 circiter
363 1256 492 1310 ducentis
515 1266 542 1311 et
564 1257 759 1326 quadraginta,
782 1257 845 1311 haec
867 1257 898 1311 in

96 1341 254 1394 AEduorum
276 1339 380 1392 finibus
399 1339 628 1407 recensebantur,
641 1356 831 1409 numerusque
852 1339 897 1393 in·

96 1424 197 1491 ibatur,
224 1421 347 1493 praefecti
380 1423 628 1477 constituebantur.
668 1423 795 1477 Commio
816 1423 898 1478 Atre·

93 1506 162 1574 bati,
186 1506 363 1560 Viridomaro
385 1513 413 1560 et
433 1505 618 1575 Eporedorigi
643 1505 754 1574 AEduis,
777 1507 897 1560 Vercas-

94 1588 248 1644 sivellauno
279 1590 414 1650 Arverno,
444 1589 613 1642 consobrino
651 1587 898 1658 Vercingetorigis,

93 1687 205 1725 summa
220 1670 328 1739 imperii
339 1670 464 1724 traditur.
504 1670 559 1722 His
573 1669 674 1723 delecti
687 1686 721 1724 ex
735 1670 896 1724 civitatibus

93 1754 288 1819 attribuuntur,
310 1768 429 1821 quorum
450 1751 568 1806 consilio
592 1751 697 1806 bellum
716 1751 895 1806 administra·

93 1844 175 1889 retur.
214 1834 321 1887 Omnes
340 1832 448 1888 alacres
462 1843 490 1888 et
509 1833 621 1888 fiduciae
632 1833 707 1904 pleni
718 1835 756 1888 ad
769 1834 895 1889 Alesiam

94 1915 315 1987 proficiscuntur,
329 1932 420 1985 neque
441 1926 503 1970 erat
520 1917 648 1971 omniurn
669 1916 827 1986 quisquam,
845 1916 894 1987 qui

95 2006 242 2069 aspectum
260 1998 347 2052 modo
360 2007 448 2053 tantae
460 1997 649 2053 multitudinis
667 1999 798 2053 sustineri
810 2015 895 2067 posse

92 2081 281 2150 arbitraretur,
302 2081 457 2152 praesertim
478 2080 592 2150 ancipiti
616 2080 725 2149 proelio,
749 2096 835 2151 quum
859 2097 894 2134 ex

92 2164 197 2234 oppido
223 2165 369 2234 eruptione
396 2172 576 2232 pugnaretur,
599 2160 667 2216 foris
692 2171 779 2217 tantae
802 2162 893 2231 copiae

88 2247 232 2316 equitatus
245 2247 444 2317 peditatusque
457 2254 644 2300 cernerentur.

133 2331 280 2384 LXXVII.
300 2332 340 2383 At
348 2330 376 2396 ii,
386 2328 434 2399 qui
444 2328 548 2383 Alesiae
557 2327 767 2396 obsidebantur,
777 2336 894 2398 praeter·

88 2411 131 2469 ita
155 2413 209 2481 die,
231 2417 287 2482 qua
307 2410 412 2464 auxilia
433 2427 547 2464 suorum
565 2419 804 2481 exspectaverant,
825 2425 892 2464 con·

91 2506 206 2567 sumpto
227 2492 306 2548 omni
328 2491 477 2560 frumento,
490 2492 570 2546 inscii
582 2493 650 2563 quid
668 2492 697 2545 in
709 2492 811 2546 AEduis
829 2508 892 2559 ger·

90 2589 191 2644 eretur,
202 2575 323 2631 concilio
337 2582 444 2642 coacto,
457 2575 493 2628 de
506 2577 581 2630 exitu
595 2591 709 2629 suarum
717 2575 893 2631 fortunarum

92 2661 296 2715 consultabant.
333 2660 375 2713 Ac
389 2658 473 2711 variis
496 2657 578 2712 dictis
601 2657 756 2725 sententiis,
774 2673 892 2726 quarum
